
@article{adams_view_2016,
	title = {The {View} from the {Gallery}: {International} {Comparison} of {Attitudes} to {Snowden}'s {Revelations} {About} the {NSA}/{GCHQ}},
	volume = {45},
	issn = {0095-2737},
	url = {http://doi.acm.org/10.1145/2874239.2874295},
	doi = {10.1145/2874239.2874295},
	number = {3},
	journal = {SIGCAS Comput. Soc.},
	author = {Adams, Andrew A. and Murata, Kiyoshi and Fukuta, Yasunori and Orito, Yohko and Palma, Ana María Lara},
	month = jan,
	year = {2016},
	keywords = {Privacy, Edward Snowden, social impact, state surveillance},
	pages = {376--383}
}

@article{al-garadi_using_2016,
	title = {Using online social networks to track a pandemic: {A} systematic review},
	volume = {62},
	issn = {1532-0464},
	url = {http://www.sciencedirect.com/science/article/pii/S1532046416300351},
	doi = {10.1016/j.jbi.2016.05.005},
	abstract = {AbstractBackground
The popularity and proliferation of online social networks (OSNs) have created massive social interaction among users that generate an extensive amount of data. An OSN offers a unique opportunity for studying and understanding social interaction and communication among far larger populations now more than ever before. Recently, OSNs have received considerable attention as a possible tool to track a pandemic because they can provide an almost real-time surveillance system at a less costly rate than traditional surveillance systems.
Methods
A systematic literature search for studies with the primary aim of using OSN to detect and track a pandemic was conducted. We conducted an electronic literature search for eligible English articles published between 2004 and 2015 using PUBMED, IEEExplore, ACM Digital Library, Google Scholar, and Web of Science. First, the articles were screened on the basis of titles and abstracts. Second, the full texts were reviewed. All included studies were subjected to quality assessment.
Result
OSNs have rich information that can be utilized to develop an almost real-time pandemic surveillance system. The outcomes of OSN surveillance systems have demonstrated high correlations with the findings of official surveillance systems. However, the limitation in using OSN to track pandemic is in collecting representative data with sufficient population coverage. This challenge is related to the characteristics of OSN data. The data are dynamic, large-sized, and unstructured, thus requiring advanced algorithms and computational linguistics.
Conclusions
OSN data contain significant information that can be used to track a pandemic. Different from traditional surveys and clinical reports, in which the data collection process is time consuming at costly rates, OSN data can be collected almost in real time at a cheaper cost. Additionally, the geographical and temporal information can provide exploratory analysis of spatiotemporal dynamics of infectious disease spread. However, on one hand, an OSN-based surveillance system requires comprehensive adoption, enhanced geographical identification system, and advanced algorithms and computational linguistics to eliminate its limitations and challenges. On the other hand, OSN is probably to never replace traditional surveillance, but it can offer complementary data that can work best when integrated with traditional data.},
	journal = {Journal of Biomedical Informatics},
	author = {Al-garadi, Mohammed Ali and Khan, Muhammad Sadiq and Varathan, Kasturi Dewi and Mujtaba, Ghulam and Al-Kabsi, Abdelkodose M.},
	month = aug,
	year = {2016},
	keywords = {machine learning, Infectious disease surveillance, Online social network, Systematic review},
	pages = {1--11}
}

@article{al-garadi_cybercrime_2016,
	title = {Cybercrime detection in online communications: {The} experimental case of cyberbullying detection in the {Twitter} network},
	volume = {63},
	issn = {0747-5632},
	url = {http://www.sciencedirect.com/science/article/pii/S0747563216303788},
	doi = {http://dx.doi.org/10.1016/j.chb.2016.05.051},
	abstract = {Abstract The popularity of online social networks has created massive social communication among their users and this leads to a huge amount of user-generated communication data. In recent years, Cyberbullying has grown into a major problem with the growth of online communication and social media. Cyberbullying has been recognized recently as a serious national health issue among online social network users and developing an efficient detection model holds tremendous practical significance. In this paper, we have proposed set of unique features derived from Twitter; network, activity, user, and tweet content, based on these feature, we developed a supervised machine learning solution for detecting cyberbullying in the Twitter. An evaluation demonstrates that our developed detection model based on our proposed features, achieved results with an area under the receiver-operating characteristic curve of 0.943 and an f-measure of 0.936. These results indicate that the proposed model based on these features provides a feasible solution to detecting Cyberbullying in online communication environments. Finally, we compare result obtained using our proposed features with the result obtained from two baseline features. The comparison outcomes show the significance of the proposed features.},
	journal = {Computers in Human Behavior},
	author = {Al-garadi, Mohammed Ali and Varathan, Kasturi Dewi and Ravana, Sri Devi},
	year = {2016},
	keywords = {Twitter},
	pages = {433 -- 443}
}

@article{alvarez_cyber_2015,
	title = {Cyber education: towards a pedagogical and heuristic learning},
	volume = {45},
	abstract = {The constant and rapid investments in Information and Communication Technologies (ICTs) have allowed the growth in the quality of information response available within the internet which requires considering and addressing the physical, financial, socio-demographic, cognitive, design, institutional, political and cultural types of access. The main purpose of this paper is to revise actual and new emerging ICTs and the use of its application tools in Education which is dominated by the linear paradigm in interaction and information as interactivity is not being accepted as a guiding principle. The concept of e-learning rests on the idea that pedagogy technologically sustained includes enough knowledge with regard to the wishes of learning processes, which are a process of mind embedded in a culture and also challenges and not just concepts. Learning is a process that humans have been trying to master for many centuries. However, there are so many different ways to do the process that it is sometimes very hard to determine which one is the best of a given situation. One such type of learning is heuristic learning. Through this method the students should discover things for themselves, through problem solving, inductive reasoning, or simply by trial and error. Discovering things by yourself, knowing from experience rather than books. In many situations it seems that heuristic learning is the most suitable when one really believes in something when one experiences it himself. That is what heuristic learning is really all about. This type of learning model, in an online format, is tailored to the adult learner who typically has a sense of self-direction related to individual interests, goals, strengths, and previous experience. Also the pedagogical theory of connectivism was born as a response to very fast ICT development which strongly influences education and which approach to problem solving is based on the use of simulation animations, making students change parameters and verify or seek the problem solving, applying their need of intuitive searching by the heuristic method; information is assigned by image without the application of long texts. After a series of simulation experiments, the students verify their results with a calculation and a real experiment.},
	number = {3},
	journal = {ACM SIGCAS Computers and Society},
	author = {Alvarez, Isabel Borges and Silva, Nuno S. Alves and Correia, Luisa Sampaio},
	year = {2015},
	pages = {185--192}
}

@article{arief_understanding_2015,
	title = {Understanding {Cybercrime} from {Its} {Stakeholders}' {Perspectives}: {Part} 2–{Defenders} and {Victims}},
	volume = {13},
	issn = {1540-7993},
	doi = {10.1109/MSP.2015.44},
	abstract = {A comprehensive model and taxonomy of Cybercrime, including all of its stakeholders, would contribute to better cybersecurity. Part 1 of this two-part series, which appeared in the January/February 2015 issue of IEEE Security \& Privacy, explored Cyberattackers and their motives in detail. Part 2 focuses on the other key stakeholders: defenders and victims of cybercrime.},
	number = {2},
	journal = {IEEE Security Privacy},
	author = {Arief, B. and Adzmi, M. A. B.},
	month = mar,
	year = {2015},
	keywords = {security of data, Cyberattacker, Cybercrime, comprehensive model, cybersecurity, Computer crime, Computer security, Government, Ontologies, Software development, Taxnomy, cybercrime defenders, cybercrime stakeholders, cybercrime victims, security},
	pages = {84--88}
}

@article{coeckelbergh_invisible_2016,
	title = {The {Invisible} {Robots} of {Global} {Finance}: {Making} {Visible} {Machines}, {People}, and {Places}},
	volume = {45},
	issn = {0095-2737},
	url = {http://doi.acm.org/10.1145/2874239.2874280},
	doi = {10.1145/2874239.2874280},
	number = {3},
	journal = {SIGCAS Comput. Soc.},
	author = {Coeckelbergh, Mark},
	month = jan,
	year = {2016},
	keywords = {algorithmic trading, distance, electronic trading, ethics of AI, ethics of finance, ethics of financial technologies, ethics of robotics, high-frequency trading, invisibility, phenomenology of finance, philosophy of finance, social studies of finance},
	pages = {287--289}
}

@article{coeckelbergh_cryptocurrencies_2016,
	title = {Cryptocurrencies {As} {Narrative} {Technologies}},
	volume = {45},
	issn = {0095-2737},
	url = {http://doi.acm.org/10.1145/2874239.2874264},
	doi = {10.1145/2874239.2874264},
	number = {3},
	journal = {SIGCAS Comput. Soc.},
	author = {Coeckelbergh, Mark and Reijers, Wessel},
	month = jan,
	year = {2016},
	keywords = {bitcoin, cryptocurrencies, mediation, money, narrative, ricoeur, searle, technology},
	pages = {172--178}
}

@article{correo_black_2014,
	title = {Black {Mirror}: el reflejo oscuro de la sociedad de la información},
	volume = {11},
	issn = {1549-2230},
	abstract = {El presente artículo analiza el contenido de los seis capítulos hasta ahora emitidos de la miniserie británica Black Mirror. En ella se examina la influencia de la tecnología actual en la sociedad proyectando sus repercusiones en el futuro. Black Mirror ofrece una visión distópica del uso tecnológico del presente, mostrando una sociedad inmersa en un proceso de virtualización y en la que la realidad se consume como espectáculo. La sociedad que nos ofrece Black Mirror se presenta así como una metáfora de la sociedad actual, en la que son exploradas las potenciales transformaciones en la comunicación, sociabilidad y moralidad. Las ideas que se reflejan en Black Mirror son, por otro lado, coincidentes con las ideas expuestas por muchos teóricos sociales de los últimos años del siglo XX y principios del siglo XXI, quienes nos alertan de los cambios sociales y culturales que provocan y posiblemente producirán en el futuro las nuevas tecnologías.},
	number = {3},
	journal = {Teknokultura},
	author = {Correo, V. Díaz Gandasegui},
	year = {2014},
	pages = {583--606}
}

@article{dainow_digital_2015,
	title = {Digital alienation as the foundation of online privacy concerns},
	volume = {45},
	abstract = {The term 'digital alienation' is used in critical IS research to refer to manifestations of alienation online. This paper explores the difficulties of using a traditional Marxist analysis to account for digital alienation. The problem is that the activity people undertake online does not look coerced or estranged from the creator's individuality, both of which are typically seen as necessary for the production of alienation. As a result of this apparent difficulty, much of the research has focused on the relationship between digital alienation and digital labour.

This paper attempts to overcome these difficulties by discarding the traditional approach. We argue one can better understand digital alienation by focusing on the relationship between user intent and technical infrastructure, rather than concerns with labour. Under the existing economic model dominating the internet, free services are financed by recording user activity and then using the products of this commercial surveillance to sell information about people to others. We show how the real harm in current online business models is that commercial surveillance is being used to commodify private life.

Seeking to define personal data in more precise terms, we will introduce two new concepts necessary for a detailed discussion of any ethical issues regarding personal data - the digital shadow and the digital persona. We will then show how affordances in current online systems are tuned to commodification of the user's personality. We will then explore the nature of online surveillance and show how affordances combine with the surveillance economy to produce digital alienation.},
	number = {3},
	journal = {ACM SIGCAS Computers and Society},
	author = {Dainow, Brandt},
	year = {2015},
	pages = {109--117}
}

@article{elder_boundary_2015,
	title = {Boundary enforcement and social disruption through computer-mediated communication},
	volume = {45},
	abstract = {In this paper, I investigate the impact boundary-promoting communication technology -- such as texts, comments, microblogging, and instant messaging -- have on friendships, and arrive at the surprising conclusion that these technologies are, despite appearances, good for personal relationships, and thereby good for us.},
	number = {3},
	journal = {ACM SIGCAS Computers and Society},
	author = {Elder, Alexis},
	year = {2015},
	pages = {45--51}
}

@article{elder_false_2016,
	title = {False {Friends} and {False} {Coinage}: {A} {Tool} for {Navigating} the {Ethics} of {Sociable} {Robots}},
	volume = {45},
	issn = {0095-2737},
	url = {http://doi.acm.org/10.1145/2874239.2874274},
	doi = {10.1145/2874239.2874274},
	number = {3},
	journal = {SIGCAS Comput. Soc.},
	author = {Elder, Alexis},
	month = jan,
	year = {2016},
	keywords = {friendship, geriatric care, robots, virtue ethics},
	pages = {248--254}
}

@article{felzmann_implementing_2016,
	title = {Implementing an {Ethical} {Approach} to {Big} {Data} {Analytics} in {Assistive} {Robotics} for {Elderly} with {Dementia}},
	volume = {45},
	issn = {0095-2737},
	url = {http://doi.acm.org/10.1145/2874239.2874279},
	doi = {10.1145/2874239.2874279},
	number = {3},
	journal = {SIGCAS Comput. Soc.},
	author = {Felzmann, Heike and Beyan, Timur and Ryan, Mark and Beyan, Oya},
	month = jan,
	year = {2016},
	keywords = {Privacy, care robotics, information ethics, value-sensitive design},
	pages = {280--286}
}

@article{fothergill_ethics_2016,
	title = {The {Ethics} of {Human}-chicken {Relationships} in {Video} {Games}: {The} {Origins} of the {Digital} {Chicken}},
	volume = {45},
	issn = {0095-2737},
	url = {http://doi.acm.org/10.1145/2874239.2874254},
	doi = {10.1145/2874239.2874254},
	number = {3},
	journal = {SIGCAS Comput. Soc.},
	author = {Fothergill, B. Tyr and Flick, Catherine},
	month = jan,
	year = {2016},
	keywords = {archaeology, chickens, human-animal interactions, video games},
	pages = {100--108}
}

@article{geslevich-packin_big_2016,
	title = {Big data and social netbanks: what happens when tech companies become financial companies?},
	volume = {46},
	abstract = {Social netbanks hold much potential as alternative financial institutions that could better serve marginalized populations. But they bring with them a number of regulatory complications and informational risks. We explore the rise of big data and social netbanks, and describe some of the challenges they present.},
	number = {1},
	journal = {ACM SIGCAS Computers and Society},
	author = {Geslevich-Packin, Nizan and Lev-Aretz, Yafit},
	year = {2016},
	pages = {36--40}
}

@article{gotterbarn_creation_2016,
	title = {The {Creation} of {Facts} in the {Cloud}: {A} {Fiction} in the {Making}},
	volume = {45},
	issn = {0095-2737},
	url = {http://doi.acm.org/10.1145/2874239.2874248},
	doi = {10.1145/2874239.2874248},
	number = {3},
	journal = {SIGCAS Comput. Soc.},
	author = {Gotterbarn, Don},
	month = jan,
	year = {2016},
	keywords = {Big data, data integrity, data misuse, professional responsibility},
	pages = {60--67}
}

@article{greenbaum_ethical_2016,
	title = {Ethical, {Legal} and {Social} {Concerns} {Relating} to {Exoskeletons}},
	volume = {45},
	issn = {0095-2737},
	url = {http://doi.acm.org/10.1145/2874239.2874272},
	doi = {10.1145/2874239.2874272},
	number = {3},
	journal = {SIGCAS Comput. Soc.},
	author = {Greenbaum, Dov},
	month = jan,
	year = {2016},
	keywords = {ethics, autonomous, disability sports, exoskeletons, law, robotics, social issues},
	pages = {234--239}
}

@article{gumbus_era_2015,
	title = {Era of big data: danger of descrimination},
	volume = {45},
	abstract = {We live in a world of data collection where organizations and marketers know our income, our credit rating and history, our love life, race, ethnicity, religion, interests, travel history and plans, hobbies, health concerns, spending habits and millions of other data points about our private lives. This data, mined for our behaviors, habits, likes and dislikes, is referred to as the "creep factor" of big data [1]. It is estimated that data generated worldwide will be 1.3 zettabytes (ZB) by 2016. The rise of computational power plus cheaper and faster devices to capture, collect, store and process data, translates into the "datafication" of society [4]. This paper will examine a side effect of datafication: discrimination.},
	number = {3},
	journal = {ACM SIGCAS Computers and Society},
	author = {Gumbus, Andra and Grodzinsky, Frances},
	year = {2015},
	pages = {118--125}
}

@article{heimo_wilma_2015,
	title = {Wilma ruined my life: how an educational system became the criminal record for the adolescents},
	volume = {45},
	abstract = {The information system StarSoft Wilma used to track and report on the adolescents' behaviour at school can cause problematic situations. These problems manifest themselves in various ways: many of the markings in the system are either wholly unnecessary or at least questionable in nature. This is made the adolescents (and some guardians/teachers) resent the system. In this paper these side-effects are looked through and compared with an analysis of posts in the Facebook-group 'Wilma Ruined My Life'. As conclusions we claim that the system can create an atmosphere of fear and suspicion amongst the students: resembling an Orwellian or panopticon-like environment which might undermine the students' ability to become full and capable members of an open democratic society.},
	number = {3},
	journal = {ACM SIGCAS Computers and Society},
	author = {Heimo, Olli I. and Rantanen, Minna M. and Kimppa, Kai K.},
	year = {2015},
	pages = {138--146}
}

@article{heron_musings_2016,
	title = {Musings on {Misconduct}: {A} {Practitioner} {Reflection} on the {Ethical} {Investigation} of {Plagiarism} {Within} {Programming} {Modules}},
	volume = {45},
	issn = {0095-2737},
	url = {http://doi.acm.org/10.1145/2874239.2874304},
	doi = {10.1145/2874239.2874304},
	number = {3},
	journal = {SIGCAS Comput. Soc.},
	author = {Heron, Michael James and Belford, Pauline},
	month = jan,
	year = {2016},
	keywords = {academic misconduct, attribution, education, ethics, morality, plagiarism, programming, teaching},
	pages = {438--444}
}

@article{jiya_realisation_2016,
	title = {A {Realisation} of {Ethical} {Concerns} with {Smartphone} {Personal} {Health} {Monitoring} {Apps}},
	volume = {45},
	issn = {0095-2737},
	url = {http://doi.acm.org/10.1145/2874239.2874285},
	doi = {10.1145/2874239.2874285},
	number = {3},
	journal = {SIGCAS Comput. Soc.},
	author = {Jiya, Tilimbe},
	month = jan,
	year = {2016},
	keywords = {ethics, ethical concerns, mobile health applications, personal health monitoring, smartphone apps},
	pages = {313--317}
}

@article{jones_teaching_2016,
	title = {Teaching {Smart} {Phone} {Ethics}: {An} {Interdisciplinary} {Approach}},
	volume = {45},
	issn = {0095-2737},
	url = {http://doi.acm.org/10.1145/2874239.2874305},
	doi = {10.1145/2874239.2874305},
	number = {3},
	journal = {SIGCAS Comput. Soc.},
	author = {Jones, Simon},
	month = jan,
	year = {2016},
	keywords = {ICT ethics, framework, inter-disciplinary, pedagogy, smartphone},
	pages = {445--452}
}

@article{kavathatzopoulos_judging_2016,
	title = {Judging the {Complexity} of {Privacy}, {Openness} and {Loyalty} {Issues}},
	volume = {45},
	issn = {0095-2737},
	url = {http://doi.acm.org/10.1145/2874239.2874300},
	doi = {10.1145/2874239.2874300},
	number = {3},
	journal = {SIGCAS Comput. Soc.},
	author = {Kavathatzopoulos, Iordanis and Asai, Ryoko},
	month = jan,
	year = {2016},
	keywords = {Privacy, ethics, Edward Snowden, Sweden, culture, decision-making, whistle-blowing},
	pages = {416--419}
}

@article{kimppa_first_2016,
	title = {First {Dose} is {Always} {Freemium}},
	volume = {45},
	issn = {0095-2737},
	url = {http://doi.acm.org/10.1145/2874239.2874258},
	doi = {10.1145/2874239.2874258},
	number = {3},
	journal = {SIGCAS Comput. Soc.},
	author = {Kimppa, Kai K. and Heimo, Olli I. and Harviainen, J. Tuomas},
	month = jan,
	year = {2016},
	keywords = {ethics, economics, games, payment models},
	pages = {132--137}
}

@article{konradt_phishing:_2016,
	title = {Phishing: {An} economic analysis of cybercrime perpetrators},
	volume = {58},
	issn = {0167-4048},
	url = {http://www.sciencedirect.com/science/article/pii/S0167404815001844},
	doi = {10.1016/j.cose.2015.12.001},
	abstract = {Abstract
Cybercrime, one of the most important security topics, will continue to emerge as a more critical security threat within the next years. Among the different attacks, phishing is of special interest because of its negative impact for the economy. In this paper, we develop a simulation study based on the work of Fultz and Grossklags. To extend their analysis of cybercrime by an economic view, we customized their model and used it as basis for our analysis. Based on the data from recent literature, our assessment gives insights into the perpetrator's behavior and allows us to quantify the effectiveness of countermeasures. Due to the fact that mainly risk-seeking persons are responsible for these attacks, countermeasures aiming at increasing the penalties are not very effective. We discovered that better control of dark markets to prevent the trading of stolen data has a much higher impact. In general, results of our simulation can be used to analyze the perpetrator's economic motives and to establish a basis for effective countermeasures.},
	journal = {Computers \& Security},
	author = {Konradt, Christian and Schilling, Andreas and Werners, Brigitte},
	month = may,
	year = {2016},
	keywords = {Cybercrime, Economic analysis, Information security, Phishing, Simulation, @Risk},
	pages = {39--46}
}

@article{lindley_operationalising_2016,
	title = {Operationalising {Design} {Fiction} for {Ethical} {Computing}},
	volume = {45},
	issn = {0095-2737},
	url = {http://doi.acm.org/10.1145/2874239.2874251},
	doi = {10.1145/2874239.2874251},
	number = {3},
	journal = {SIGCAS Comput. Soc.},
	author = {Lindley, Joseph and Sharma, Dhruv},
	month = jan,
	year = {2016},
	keywords = {accessible ethics, care for the elderly, design fiction, domestic robots, radical digital interventions},
	pages = {79--83}
}

@article{mcbride_ethics_2016,
	title = {The {Ethics} of {Driverless} {Cars}},
	volume = {45},
	issn = {0095-2737},
	url = {http://doi.acm.org/10.1145/2874239.2874265},
	doi = {10.1145/2874239.2874265},
	number = {3},
	journal = {SIGCAS Comput. Soc.},
	author = {McBride, Neil},
	month = jan,
	year = {2016},
	keywords = {ethics, driverless cars, full autonomy},
	pages = {179--184}
}

@inproceedings{moller_exploring_2014,
	address = {Marrakech},
	title = {Exploring {User} {Behavior} and {Preferences} in the {Wild} with {Mobile} {Apps}: {Lessons} {Learned} from {Four} {Case} {Studies}},
	abstract = {Mobile apps running on smartphones have not only become a popular means for providing mobile services. Due to their relatively easy and cheap implementation, they have also developed into scientific tools for studying mobile human-computer interaction (HCI) in realistic usage contexts, providing qualitative and quantitative data about usage patterns and user preferences with a high degree of ecological validity. In this paper, we provide some insights into the potential of such apps, which have been gained in four case studies. We describe the rationale of the studies, some general implementation details, as well as insights into user behavior and preferences that are based on the collected data. This way, we hope to stimulate others to perform similar research, and to provide exchangeable standards for data collection through mobile apps.},
	booktitle = {{SITIS} 2014},
	publisher = {IEEE},
	author = {Möller, Sebastian and Westermann, Tilo and Beyer, Justus and Reichmuth, Ralf},
	month = nov,
	year = {2014},
	pages = {532 -- 538}
}

@article{rainey_friends_2015,
	title = {Friends, robots, citizens?},
	volume = {45},
	abstract = {This paper asks whether and how an artefact, such as a robot, could be considered a citizen. In doing so, it approaches questions of political freedom and artefacts. Three key notions emerge in the discussion: discursivity, embodiment and recognition. Overall, discussion of robot citizenship raises technical, political and philosophical problems.

Whereas machine intelligence is hotly debated, machine citizenship is less so. However, much research and activity is underway that seeks to create robot companions, capable of meaningful and intimate relationships with humans. The EU flagship "Robot Companions for Citizens" project aims for "...an ecology of sentient machines that will help and assist humans in the broadest possible sense to support and sustain our welfare."

This is a broad and ambitious aim, with a goal of making artefacts that can have genuine relationships with humans. This being so, in order to avoid merely creating highly interactive automata, the status of the robot must be carefully considered. Without significant public freedoms, for instance, the notion of a robot 'friend' would be a dubious one -- as dubious as the notion of a 'willing slave', for instance. In a broad sense, these issues relate to the politics of robot kinship and sociality, perhaps specifically to civic epistemology. With a technological ideal of genuine human-artefactual kinship in the future, these political questions cannot be ignored. One approach to this problematic involves accounting for the robot citizen.},
	number = {3},
	journal = {ACM SIGCAS Computers and Society},
	author = {Rainey, Stephen},
	year = {2015},
	pages = {225--233}
}

@article{richardson_asymmetrical_2016,
	title = {The {Asymmetrical} '{Relationship}': {Parallels} {Between} {Prostitution} and the {Development} of {Sex} {Robots}},
	volume = {45},
	issn = {0095-2737},
	url = {http://doi.acm.org/10.1145/2874239.2874281},
	doi = {10.1145/2874239.2874281},
	number = {3},
	journal = {SIGCAS Comput. Soc.},
	author = {Richardson, Kathleen},
	month = jan,
	year = {2016},
	keywords = {gender, prostitution, robot ethics, sex robots, subjectivity},
	pages = {290--293}
}

@article{scantamburlo_machine_2016,
	title = {Machine {Learning} in {Decisional} {Process}: {A} {Philosophical} {Perspective}},
	volume = {45},
	issn = {0095-2737},
	url = {http://doi.acm.org/10.1145/2874239.2874270},
	doi = {10.1145/2874239.2874270},
	number = {3},
	journal = {SIGCAS Comput. Soc.},
	author = {Scantamburlo, Teresa},
	month = jan,
	year = {2016},
	keywords = {Big data, decision making, judgement, machine learning},
	pages = {218--224}
}

@article{wahlstrom_privacy_2016,
	title = {Privacy and brain-computer interfaces: identifying potential privacy disruptions},
	volume = {46},
	number = {1},
	journal = {ACM SIGCAS Computers and Society},
	author = {Wahlstrom, Kirsten and Fairweather, N. Ben and Ashman, Helen},
	year = {2016},
	pages = {41--53}
}

@article{wolf_augmented_2016,
	title = {Augmented {Reality} {All} {Around} {Us}: {Power} and {Perception} at a {Crossroads}},
	volume = {45},
	issn = {0095-2737},
	url = {http://doi.acm.org/10.1145/2874239.2874257},
	doi = {10.1145/2874239.2874257},
	number = {3},
	journal = {SIGCAS Comput. Soc.},
	author = {Wolf, Marty J. and Grodzinsky, Frances and Miller, Keith},
	month = jan,
	year = {2016},
	keywords = {augmented reality, augmented visual field devices, autonomy, deception, human values, identity, informed consent, trust},
	pages = {126--131}
}

@article{yaghmaei_addressing_2015,
	title = {Addressing responsible research and innovation to industry: introduction of a conceptual framework},
	volume = {45},
	abstract = {Responsible research and innovation (RRI) is taking a role to assist all types of stakeholders including industry to move research and innovation initiatives to responsible manner for tackling grand challenges. The literature on RRI focuses little on how industry can implement RRI principles. In solving such gap in the literature, this article constructs a solid framework that provides a conceptual starting point for future research on levels of RRI. It draws a fundamental path to align industrial activities with environmental and societal needs. The framework develops a normatively grounded conceptual path for managing and assessing RRI principles in industry. This study depicts five successive RRI implementation stages and exhibits three RRI dimensions that represent different categories and corresponding indicators for that. The rationale behind this framework has been derived from extant models of corporate social responsibility (CSR) literature. Drawing on these models, this study develops stages and dimensions of RRI for discussing why industry should become engaged in RRI, how industry can embed RRI principles into research and innovation processes, how companies progress from one RRI stage to another, and how industry can manage all RRI dimensions systematically.},
	number = {3},
	journal = {ACM SIGCAS Computers and Society},
	author = {Yaghmaei, Emad},
	year = {2015},
	pages = {294--300}
}

@article{yaghmaei_case_2015,
	title = {Case study research to reflect societal and ethical issues: introduction of a research implementation plan for {ICTs}},
	volume = {45},
	abstract = {The purpose of this paper is to provide the systematic procedures of case study research. A robust case study protocol in the context of societal and ethical issues with a relevant guidelines will set to show how data should collect, present, and analyze. This paper takes in particular the context of Responsible Research and Innovation (RRI) as the phenomenon and investigates on how to apply the methodologies, which could assist us to identify the boundaries between societal and ethical issues and the emerging ICTs. As such, to interpret the collected data and build theory inductively, to have an excellent basis for further qualitative research within RRI context, systematic procedures are needed to conduct. This paper uses a holistic view to the literature for providing guidelines for conducting and reporting case study research for RRI context. It defines the information that needs to be gathered from the cases, the way this data is to be analyzed and the processes of reflections to be undertaken. Checklists for conducting the case study protocol are linked to each step of systematic procedures and applicable for researchers, ICT managers, reviewers, and readers to allow them taking account of societal and ethical aspects, in particular RRI principles in emerging ICTs in a proper way.},
	number = {3},
	journal = {ACM SIGCAS Computers and Society},
	author = {Yaghmaei, Emad and Brem, Alexander},
	year = {2015},
	pages = {306--312}
}

@article{zimic_systematical_2016,
	title = {Systematical {Follow}-up in {Social} {Work} {Practices}},
	volume = {45},
	issn = {0095-2737},
	url = {http://doi.acm.org/10.1145/2874239.2874262},
	doi = {10.1145/2874239.2874262},
	number = {3},
	journal = {SIGCAS Comput. Soc.},
	author = {Zimic, Sheila and Dalin, Rolf},
	month = jan,
	year = {2016},
	keywords = {knowledge, learning, performance measurement, profession, social work, systematical follow-up, work ethics},
	pages = {159--166}
}

@misc{gibbs_google_2014,
	type = {News site},
	title = {Google buys {UK} artificial intelligence startup {Deepmind} for £400m:  {Google} makes its biggest {EU} purchase yet with the technology that aims to make computers think like humans},
	url = {https://www.theguardian.com/technology/2014/jan/27/google-acquires-uk-artificial-intelligence-startup-deepmind},
	journal = {The Guardian},
	author = {Gibbs, Samuel},
	month = jan,
	year = {2014},
	keywords = {deepmind, Demis Hassabis, google}
}

@article{jones_doing_2016,
	title = {Doing the right thing: computer ethics pedagogy revisited},
	volume = {14},
	issn = {1477-996X},
	url = {https://doi.org/10.1108/JICES-07-2014-0033},
	doi = {10.1108/JICES-07-2014-0033},
	abstract = {Purpose ? This paper aims to critically reassess established approaches to the teaching and analysis of computer ethics, and to propose a revised methodology, drawing on the practical experience of teaching undergraduates in a culturally diverse, international learning environment. Design/methodology/approach ? Theoretical in scope, reviewing concepts and methods in the existing literature and developing an alternative inter-disciplinary and multi-dimensional framework. Findings ? Ethical analysis can benefit from broader, inter-disciplinary perspectives that take into account the social and economic context in which information and communication technologies (ICTs) are designed, deployed and used, and the complex forces that drive their development. A richer analysis of this context enables a better understanding of the specific properties and applications of ICTs which, in turn, foreground particular ethical issues. This can result in a more self-reflexive and rounded appreciation of the ethical, legal and professional issues invoked by ICTs. Originality/value ? The paper develops a revised, flexible methodology for doing ethics which can be applied to any case study or domain of application. It outlines some of the key questions and major ethical principles that are generated by ICTs. The paper has pedagogical value for both teachers and students of computer ethics, but has relevance also for information technology professionals and practitioners.},
	number = {1},
	urldate = {2017-07-27},
	journal = {Journal of Information, Communication and Ethics in Society},
	author = {Jones, Simon},
	month = mar,
	year = {2016},
	pages = {33--48},
	annote = {doi: 10.1108/JICES-07-2014-0033}
}

@article{nizan_geslevich_packin_big_2015,
	title = {Big {Data} and {Social} {Netbanks}: {Are} {You} {Ready} to {Replace} {Your} {Bank}?},
	volume = {53},
	doi = {http://dx.doi.org/10.2139/ssrn.2567135},
	abstract = {This Article directs scholarly and regulatory attention to an overlooked sub-category within online and mobile entities that offer financial services – big data and social netbanks. Recently, big data companies like Google, Amazon and Apple, as well as social networks like Facebook and Twitter, have been making forays into the financial services market, capitalizing on their massive troves of user data and social information. Providing the first in-depth study of big data and social netbanks, this Article analyzes these players’ entry into the financial services market and surveys the current regulatory framework for those new bank-like entities.

Despite the large numbers of technology companies offering financial services and their massive pool of subscribers, regulation of online nonbanks currently consists of a hodgepodge of statutes and regulations. In particular, as this Article shows, existing regulation does not differentiate between this recently emerging form of bank-like services and other online/mobile nonbanks. As big data and social netbanks increasingly eat at the edges of the traditional banking market, this Article makes a key descriptive contribution by presenting a comprehensive analysis of the new entrants. This Article also makes a significant normative contribution by listing the distinctive characteristics of big data and social netbanks and other issues that regulators should be mindful of when designing an appropriate regulatory scheme. These characteristics and issues include consumers’ access to financial services, social consequences, competition in the financial market, cybersecurity, privacy, and specific consumers’ rights.},
	language = {English},
	journal = {Columbia Public Law Research},
	author = {Nizan Geslevich Packin, Yafit Lev Aretz},
	month = feb,
	year = {2015},
	keywords = {bigdata, netbanks}
}

@article{hackett_cryptocurrency_2017,
	address = {USA},
	edition = {1 aug 2017},
	title = {Cryptocurrency {Gets} {Its} {Biggest} {Test} {Yet}},
	url = {http://fortune.com/2017/07/21/cryptocurrency-digital-money-ico/},
	language = {Inglês},
	urldate = {2017-11-01},
	journal = {Fortune},
	author = {Hackett, Robert},
	month = aug,
	year = {2017},
	annote = {Kik é uma criptomoeda zzz...}
}

@incollection{fernandes_organizacao_2016,
	address = {Brasília - DF},
	title = {A {Organização} e a {Tecnologia} da {Informação} - {TI}: {Sistemas} de {Informação}, {Infraestrutura}, {Organização} e {Serviços}},
	booktitle = {Gestão da memória:  {Diálogos} sobre políticas de informação, documentação e comunicação para a {Universidade} de {Brasília}},
	publisher = {Universidade de Brasília},
	author = {Fernandes, Jorge H C},
	editor = {Simeão, Elmira and Roncaglio, Cynthia},
	year = {2016},
	pages = {213--258}
}

@book{vickery_information_1987,
	address = {UK},
	title = {Information {Science} in {Theory} and {Practice}},
	url = {https://books.google.com.br/books?id=TlDkvfxRedcC},
	publisher = {Butterworth},
	author = {Vickery, Brian and Vickery, Alina},
	year = {1987}
}

@techreport{gt_interministerial_port._n_842/2017_estrategia_2017,
	address = {Brasília - DF},
	title = {Estratégia {Brasileira} para a {Transformação} {Digital}: {Documento} base para discussão pública},
	url = {http://www.cgee.org.br/prospeccao/exercicio/delphi/doc/168/EDB_RELATORIO_FINAL-rev-12-07-2017.pdf},
	urldate = {2017-11-02},
	institution = {Ministério da Ciência, Tecnologia, Inovação e Comunicações},
	author = {{GT Interministerial Port. nº 842/2017}},
	year = {2017},
	pages = {106}
}

@book{takahashi_livro_2000,
	address = {Brasília - DF},
	title = {Livro {Verde} da {Sociedade} da {Informação} no {Brasil}},
	isbn = {85-88063-01-8},
	url = {http://www.mct.gov.br/index.php/content/view/18878.html},
	publisher = {Ministério de Ciência e Tecnologia},
	author = {Takahashi, Tadao},
	year = {2000}
}

@book{kizza_ethical_2002,
	address = {UK},
	edition = {3rd},
	title = {Ethical and {Social} {Issues} in the {Information} {Age}},
	abstract = {1 INTRODUCTION TO SOCIAL AND ETHICAL COMPUTING
1.1 Historical Development of Computing and Information Technology
1.1.1 Before 1900 AD
1.1.2 After 1900 AD
1.1.3 The Development of the Microprocessor
1.1.4 Historical Development of Computer Software and the Personal Computer (PC)
1.2 Development of the Internet
1.3 Development of the World Wide Web
1.4 The Emergence of Social and Ethical Problems in Computing
1.4.1 The Emergence of Computer Crimes
1.4.2 The Present Status: An Uneasy Cyberspace
1.5 The Case for Computer Ethics Education
1.5.1 What is Computer Ethics?
1.5.2 Why You Should Study Computer Ethics
1.6 References
1.7 Exercises
2 MORALITY AND THE LAW
2.1 Introduction
2.2 Morality
2.2.1 Moral Theories
2.2.2 Moral Decision Making
2.2.3 Moral Codes
2.2.4 Moral Standards
2.2.5 Guilt and Conscience
2.3 Law
2.3.1 The Natural Law
2.3.2 Conventional Law
2.3.3 The Purpose of Law
2.3.4 The Penal Code
2.4 Morality and the Law
2.5 References
2.6 Further Reading
2.7 Exercises
3 ETHICS, TECHNOLOGY, AND VALUE
3.1 Traditional Definition of Ethics
3.2 Ethical Theories
3.2.1 Consequentialism
3.2.2 Deontology
3.2.3 Human Nature
3.2.4 Relativism
3.2.5 Hedonism
3.2.6 Emotivism
3.3 Functional Definition of Ethics
3.4 Codes of Ethics
3.4.1 Objectives of Codes of Ethics
3.5 Reflections on Computer Ethics
3.5.1 New Wine in an Old Bottle
3.6 Technology and Values
3.7 References
3.8 Further Reading
3.9 Exercises
4 ETHICS AND THE PROFESSIONS
4.1 Introduction
4.2 Evolution of Professions
4.2.1 Origins of Professions
4.2.2 Requirements of a Professional
4.2.3 Pillars of Professionalism
4.3 The Making of an Ethical Professional: Education and Licensing
4.3.1 Formal Education
4.3.2 Licensing Authorities
4.3.3 Professional Codes of Conduct
4.4 Professional Decision Making and Ethics
4.4.1 Professional Dilemmas in Decision Making
4.4.2 Making and Evaluating Ethical Arguments
4.4.3 Guilt and Making Ethical Decisions
4.5 Professionalism and Ethical Responsibilities
4.5.1 Whistle-Blowing
4.5.2 Harassment and Discrimination
4.5.3 Ethical and Moral Implications
4.6 References
4.7 Further reading
4.8 Exercises
5 ANONYMITY, SECURITY, PRIVACY, AND CIVIL LIBERTIES
5.1 Introduction
5.2 Anonymity
5.2.1 Anonymity and the Internet
5.3 Security
5.3.1 Physical Security
5.3.2 Information Security
5.4 Privacy
5.4.1 Definition
5.4.2 Value of Privacy
5.4.3 Information Gathering, Databases, and Privacy
5.4.4 Privacy Violations and Legal Implications
5.4.5 Privacy Protection and Civil Liberties
5.5 Ethical and Social Issues
5.5.1 Ethics and Privacy
5.5.2 Ethics and Security
5.6 References
5.7 Further Reading
5.8 Exercises
6 INTELLECTUAL PROPERTY RIGHTS AND COMPUTER TECHNOLOGY
6.1 Computer Products and Services
6.2 Foundations of Intellectual Property Rights
6.2.1 Copyrights
6.2.2 Patents
6.2.3 Trade Secrets
6.2.4 Trademarks
6.2.5 Personal Identity
6.3 Ownership
6.3.1 The Politics of Ownership
6.3.2 The Psychology of Ownership
6.4 Infringement
6.4.1 Copyright Infringement
6.4.2 Patent Infringement
6.4.3 Trademark Infringement
6.4.4 The First Sale Doctrine
6.4.5 The Fair Use Doctrine
6.5 Protection of Ownership Rights
6.5.1 Domain of Protection
6.5.2 Source and Types of Protection
6.5.3 Duration of Protection
6.5.4 Strategies of Protection
6.6 The Legal Protection of Computer Software
6.6.1 Protection Under Copyright Laws
6.6.2 Protection Under Patent Laws
6.6.3 Protection Under Trademarks
6.6.4 Protection Under Trade Secrets
6.7 References
6.8 Further Reading
6.9 Exercises
7 SOCIAL CONTEXT OF COMPUTING
7.1 Introduction
7.2 The Digital Divide
7.2.1 Access
7.2.2 Technology
7.2.3 Humanware (Human Capacity)
7.2.4 Infrastructure
7.2.5 Enabling Environments
7.3 ICT in the Workplace
7.3.1 The Electronic Office
7.3.2 Office on Wheels and Wings
7.3.3 The Virtual Workplace
7.3.4 The Home worker: A Growing Concept of Telecommuters
7.3.5 Employee Social and Ethical Issues
7.4 Employee Monitoring
7.4.1 Workplace Privacy and Surveillance
7.4.2 Electronic Monitoring
7.5 Workplace Employee Health and Productivity
7.5.1 Ergonomics
7.6 References
7.7 Further Reading
7.8 Exercises
8 SOFTWARE ISSUES: RISKS AND LIABILITIES
8.1 Definitions
8.1.1 Standards
8.1.2 Reliability
8.1.3 Security
8.1.4 Safety
8.1.5 Quality
8.1.6 Quality of Service (QoS)
8.2 Causes of Software Failures
8.2.1 Human Factors
8.2.2 Nature of Software: Complexity
8.3 Risk
8.3.1 Risk Assessment and Management
8.3.2 Risks and Hazards in Workplace Systems
8.3.3 Historic Examples of Software Risks
8.4 Consumer Protection
8.4.1 Buyers’ Rights
8.4.2 Classification of Computer Software
8.4.3 The Contract Option
8.4.4 The Tort Option
8.5 Improving Software Quality
8.5.1 Techniques for Improving Software Quality
8.6 Producer Protection
8.7 References
8.8 Further Reading
8.9 Exercises
9 COMPUTER CRIMES
9.1 Introduction
9.2 History of Computer Crimes
9.3 Computer Systems: Types of Attacks
9.3.1 Penetration
9.3.2 Denial of Service
9.4 Motives of Attacks
9.5 Costs and Social Consequences
9.5.1 Lack of Cost Estimate Model for Cyberspace Attacks
9.5.2 Social and Ethical Consequences
9.6 References
9.7 Further Reading
9.8 Exercises
NEW FRONTIERS FOR COMPUTER ETHICS ARTIFICIAL INTELLIGENCE, CYBERSPACE, AND VIRTUAL REALITY
10.1 Introduction
10.2 Artificial Intelligence (AI)
10.2.1 Advances in Artificial Intelligence
10.2.2 Artificial Intelligence and Ethics
10.2.3 The Future Role of Autonomous Agents
10.3 Cyberspace
10.4 Virtual Reality
10.4.1 Ethics in Virtual Reality
10.5 References
10.6 Further Reading
10.7 Exercises
11 CYBERSPACE AND CYBERETHICS
11.1 Introduction
11.2 Cyberspace Safeguards
11.2.1 Detecting Computer Attacks
11.2.2 System Survivability
11.3 Intellectual Property Rights in Cyberspace
11.3.1 Copyrights
11.3.2 Patents
11.3.3 Trade Secrets
11.3.4 Trademarks
11.3.5 Personal Identity
11.4 Regulating and Censoring Cyberspace
11.5 The Social Value of Cyberspace
11.6 Privacy in Cyberspace
11.6.1 Privacy Protection
11.7 Cyberspace Security
11.7.1 Insecurity in the Basic Internet Infrastructure
11.7.2 Server Security
11.7.3 Security During Transmission
11.8 Global Cyberethics
11.9 Cyberspace Lingua Franca
11.10 Global Cyber Culture
11.11 Cyberethics and Social Realities in Cybercommunities
11.12 References
11.13 Further Reading
11.14 Exercises
12 COMPUTER NETWORKS AND ONLINE CRIMES
12.1 Introduction to Computer Networks
12.1.1 Computer Network Models
12.1.2 Computer Network Types
12.2 Online Crimes
12.2.1 Beware of Ways to Perpetuate Online Crimes
12.3 Defense Against Online Crimes
12.3.1 Prevention
12.4 Proven Security Protocols and Best Practices
12.4.1 Authentication
12.4.2 Access Control
12.4.3 Legislation
12.4.4 Self-Regulation
12.4.5 Detection
12.4.6 Recovery
12.5 References
13 COMPUTER CRIME INVESTIGATIONS–COMPUTER FORENSICS
13.1 Introduction
13.2 Digital Evidence
13.2.1 Looking for Digital Evidence
13.2.2 Digital Evidence: Previewing and Acquisition
13.3 Preserving Evidence
13.4 Analysis of Digital Evidence
13.4.1 Analyzing Data Files
13.4.2 Analysis Based on Operating Systems
13.4.3 Analysis Based on Digital Media
13.5 Relevance and Validity of Digital Evidence
13.6 Writing Investigative Reports
13.7 References
14 BIOMETRICS
14.1 Introduction and Definitions
14.1.1 Definitions
14.2 The Biometrics Authentication Process
14.3 Biometric System Components
14.3.1 Data Acquisition
14.3.2 Enrollments
14.3.3 Signal Processing
14.3.4 Decision Policy
14.4 Types of Biometric Technologies
14.4.1 Finger Biometrics
14.4.2 Hand Geometry
14.4.3 Face Biometrics
14.4.4 Voice Biometrics
14.4.5 Handwriting Analysis
14.4.6 Iris Biometrics
14.4.7 Retina
14.5 The Future of Biometrics
14.6 References
A THE DIGITAL MILLENNIUM COPYRIGHT ACT
B THE FEDERAL FALSE CLAIMS ACT
C PROJECTS},
	publisher = {Spring-Verlag},
	author = {Kizza, Joseph Migga},
	year = {2002}
}

@misc{algar_tech_o_2017,
	title = {O que é {Big} {Data}?},
	url = {https://www.youtube.com/watch?v=VIjqX3RhOmc},
	abstract = {Vídeo simples, numa linguagem acessível para crianças, que explica os principais conceitos de big data},
	language = {Português},
	author = {{Algar Tech}},
	month = mar,
	year = {2017},
	keywords = {estatística},
	annote = {40s
Big data descente de um aprimoramento da estatística.
1m7s
hadoop é uma tecnologia de acesso a dados
 }
}

@misc{sas_machine_nodate,
	type = {Informativo/{Corporativo}},
	title = {Machine {Learning}: {O} que é e por que é importante?},
	url = {https://www.sas.com/pt_br/insights/analytics/machine-learning.html},
	abstract = {Uma explicação didática e excelente acerca da definição e uso da tecnologia Machine Learning.},
	language = {pt-BR},
	journal = {Machine Learning: O que é e por que é importante?},
	author = {{SAS}},
	keywords = {machine learning, aprendizado de máquina, aprendizagem profunda, mineração de dados}
}

@misc{oxford_robotics_institute_robotcar_nodate,
	title = {{RobotCar}},
	copyright = {Todos os direitos reservados},
	url = {http://ori.ox.ac.uk/application/robotcar/},
	abstract = {Site do projeto "Robotcar", um carro autônomo e independente. Dispõe de informações sobre o projeto e a equipe.},
	language = {en-US},
	journal = {RobotCar – Oxford Robotics Institute},
	author = {{Oxford Robotics Institute}},
	keywords = {Autonomia, Carros Sem Motorista, Robotica}
}

@article{helmore_ethical_2014,
	edition = {12 apr 2014},
	title = {Ethical gaming: can video games be a force for good?},
	url = {https://www.theguardian.com/technology/2014/apr/12/ethical-video-gaming-games-for-change-festival},
	language = {English},
	urldate = {2017-11-06},
	journal = {The Guardian},
	author = {Helmore, Edward},
	month = apr,
	year = {2014}
}

@misc{alexandra-ann_hodges_about_2015,
	title = {About},
	url = {https://campaignagainstsexrobots.org/about/},
	abstract = {Over the last decades, an increasing effort from both academia and industry has gone into the development of sex robots – that is, machines in the form of women or children for use as sex obj…},
	urldate = {2017-11-06},
	journal = {Campaign Against Sex Robots},
	author = {Alexandra-Ann Hodges},
	month = sep,
	year = {2015}
}

@article{knapton_sex_2017,
	title = {Sex robots on way for elderly and lonely...but pleasure-bots have a dark side, warn experts},
	issn = {0307-1235},
	url = {http://www.telegraph.co.uk/science/2017/07/04/sex-robots-way-elderly-lonelybut-pleasure-bots-have-dark-side/},
	abstract = {Sex robots could soon be used to keep the elderly company in care homes and help couples enjoy long distances sexual relationships, the Foundation for Responsible Robotics (FRR) has said.},
	language = {en-GB},
	urldate = {2017-11-06},
	journal = {The Telegraph},
	author = {Knapton, Sarah},
	month = jul,
	year = {2017},
	keywords = {Artificial Intelligence, Humans, News, Robotics, Science, Sex, Sex robots, Standard, UK News}
}

@article{kleeman_race_2017,
	chapter = {Technology},
	title = {The race to build the world’s first sex robot},
	issn = {0261-3077},
	url = {http://www.theguardian.com/technology/2017/apr/27/race-to-build-world-first-sex-robot},
	abstract = {The long read: The \$30bn sex tech industry is about to unveil its biggest blockbuster: a \$15,000 robot companion that talks, learns, and never says no},
	language = {en-GB},
	urldate = {2017-11-06},
	journal = {The Guardian},
	author = {Kleeman, Jenny},
	month = apr,
	year = {2017},
	keywords = {Sex, Robots, Sexuality, Technology}
}

@article{smalley_undertale_2016,
	title = {'{Undertale}' and {Immanuel} {Kant}: {Ethics} in {Video} {Games}},
	url = {https://www.popmatters.com/undertale-and-immanuel-kant-ethics-in-video-games-2495432738.html},
	language = {English},
	number = {2 jun 2016},
	urldate = {2017-11-06},
	journal = {popmatters},
	author = {Smalley, Kat},
	month = jun,
	year = {2016}
}

@article{newman_murfi_2017,
	series = {Proceedings of the 14th {Symposium} on {Advanced} {Space} {Technologies} in {Robotics} and {Automation} ({ASTRA})},
	title = {{MURFI} 2016 - {From} cars to {Mars}: applying autonomous vehicle navigation methods to a space rover mission},
	url = {http://www.robots.ox.ac.uk/~mobile/Papers/2017ASTRA_yeomans.pdf},
	abstract = {The Mars Utah Rover Field Investigation (MURFI) 2016
mission was a Mars Rover field analogue mission run by
the UK Space Agency (UKSA) in collaboration with the
Canadian Space Agency (CSA). MURFI consisted of a
“field team” at the Mars analogue site near Hanksville
(Utah, USA), and an “Operations Team” based in the
Mission Operations Centre (MOC) at UKSA’s Harwell
Campus (Oxfordshire, UK).},
	language = {en-GB},
	author = {Newman, Paul and Venn, Simon and Kyberd, Stephen and Wilcox, Tom and Dequaire, Julie and Barnes, Dan and Gadd, Matthew and Porav, Horia and Yeomans, Brian},
	month = jun,
	year = {2017},
	pages = {8}
}

@misc{congresso_nacional_lei_1997,
	title = {Lei {nº} 9.503, de 23 de {Setembro} de 1997},
	url = {http://www.planalto.gov.br/ccivil_03/leis/L9503.htm},
	abstract = {Institui o Código de Trânsito Brasileiro.},
	language = {pt-BR},
	author = {{Congresso Nacional}},
	month = sep,
	year = {1997}
}

@article{pene_5_2016,
	title = {5 ways virtual and augmented reality is changing our lives},
	url = {https://www.weforum.org/agenda/2016/07/5-ways-virtual-and-augmented-reality-is-changing-our-lives},
	author = {Pene, Brian},
	month = jul,
	year = {2016},
	keywords = {realidade aumentada},
	annote = {A matéria cita bons exemplos específicos à respeito da diversidade de aplicações de realidade aumentada, sendo portando uma boa fonte de informação para produção do artigo.}
}

@misc{congresso_nacional_lei_1974,
	chapter = {1},
	title = {Lei nº 6.194, de 19 de {Dezembro} de 1974},
	shorttitle = {{LEI}-6194-1974-12-19},
	url = {http://www.planalto.gov.br/ccivil_03/leis/L6194.htm},
	abstract = {Dispõe sobre Seguro Obrigatório de Danos Pessoais causados por veículos automotores de via terrestre, ou por sua carga, a pessoas transportadas ou não.},
	language = {pt-BR},
	author = {{Congresso Nacional}},
	month = dec,
	year = {1974},
	pages = {15246}
}

@misc{guimaraes_significado_nodate,
	type = {Informativo},
	title = {Significado de {GPS}},
	url = {https://www.significados.com.br/gps/},
	abstract = {Explicação didática sobre o que é GPS e como funciona.},
	language = {pt-BR},
	journal = {Significado de GPS - O que é, Conceito e Definição},
	author = {Guimarães, Dilva and Cabral, Paulo},
	keywords = {GPS}
}

@article{xia_internet_2012,
	title = {Internet of {Things}},
	volume = {25},
	url = {https://pdfs.semanticscholar.org/930c/4981e87584afa7e6f1f4977323e365aae097.pdf},
	doi = {10.1002/dac.2417},
	abstract = {Define e se aprofunda no tem Internet das Coisas.},
	language = {en-US},
	number = {1101–1102},
	journal = {International Journal of Communication Systems},
	author = {Xia, Feng and Yang, Laurence and Wang, Lizhe and Vinel, Alexey},
	year = {2012},
	keywords = {Internet of Things, IoT},
	pages = {3}
}

@article{ahmed_fast_2009,
	address = {CNN},
	title = {Fast {Internet} access becomes a legal right in {Finland}},
	url = {http://edition.cnn.com/2009/TECH/10/15/finland.internet.rights/index.html},
	language = {English},
	urldate = {2017-11-08},
	author = {Ahmed, Saeed},
	month = oct,
	year = {2009}
}

@misc{danielle_rossi_troca_2017,
	title = {Troca de mensagens instantâneas é um dos principais usos do celular entre brasileiros},
	url = {http://br.kantar.com/tecnologia/m%C3%B3vel/2017/troca-de-mensagens-instant%C3%A2neas-%C3%A9-um-dos-principais-usos-do-celular-entre-brasileiros-comtech/},
	journal = {KANTAR BRASIL INSIGHTS},
	author = {{Danielle Rossi}},
	month = feb,
	year = {2017}
}

@misc{facebook_company_2017,
	title = {Company {Info} {\textbar} {Facebook} newsroom},
	url = {https://newsroom.fb.com/company-info/},
	urldate = {2017-11-11},
	journal = {Facebook},
	author = {{Facebook}},
	year = {2017}
}

@misc{halt_o_2014,
	title = {O que são redes sociais?},
	url = {https://www.campograndenews.com.br/marketing-pessoal/o-que-sao-redes-sociais},
	urldate = {2017-11-08},
	journal = {Campo Grande News},
	author = {Halt, Glauber},
	month = feb,
	year = {2014}
}

@misc{puget_what_2016,
	type = {Informativo/{Corporativo}},
	title = {What {Is} {Machine} {Learning}?},
	url = {https://www.ibm.com/developerworks/community/blogs/jfp/entry/What_Is_Machine_Learning?lang=en},
	abstract = {Explica detalhadamente a definição de Machine Learning, dispondo de exemplos e referências.},
	language = {en-US},
	journal = {What Is Machine Learning?},
	author = {Puget, Jean},
	month = may,
	year = {2016},
	keywords = {Machine Learning}
}

@misc{google_-_alphabet_inc._waymo_2009,
	title = {Waymo},
	copyright = {Todos os direitos reservados},
	url = {https://waymo.com/},
	abstract = {Waymo (anteriormente conhecido como Projeto de Carro Autônomo do Google) é uma empresa de desenvolvimento de tecnologia para carros autônomos, sendo parte da Alphabet Inc., conglomerado proprietário do Google.},
	language = {en-US},
	journal = {Waymo},
	author = {{Google - Alphabet Inc.}},
	year = {2009},
	keywords = {google, carros autônomos}
}

@incollection{duquenoy_ethics_2005,
	address = {Boston, MA},
	title = {Ethics of {Computing}},
	isbn = {978-0-387-25588-0},
	url = {https://doi.org/10.1007/0-387-25588-5_12},
	booktitle = {Perspectives and {Policies} on {ICT} in {Society}: {An} {IFIP} {TC}9 ({Computers} and {Society}) {Handbook}},
	publisher = {Springer US},
	author = {Duquenoy, Penny},
	editor = {Berleur, Jacques and Avgerou, Chrisanthi},
	year = {2005},
	note = {DOI: 10.1007/0-387-25588-5\_12},
	pages = {159--170}
}

@article{jones_doing_2016-1,
	title = {Doing the right thing: computer ethics pedagogy revisited},
	volume = {14},
	issn = {1477-996X},
	shorttitle = {Doing the right thing},
	url = {http://www.emeraldinsight.com/doi/full/10.1108/JICES-07-2014-0033},
	doi = {10.1108/JICES-07-2014-0033},
	number = {1},
	urldate = {2017-11-08},
	journal = {Journal of Information, Communication and Ethics in Society},
	author = {Jones, Simon},
	month = mar,
	year = {2016},
	pages = {33--48}
}

@misc{fahey_video_2012,
	title = {A {Video} {Game} {That} {Helps} {People} {Forge} {Stronger} {Relationships}...{With} {Pigs}},
	url = {https://kotaku.com/5875442/a-video-game-that-helps-people-forge-stronger-relationshipswith-pigs/},
	language = {English},
	urldate = {2017-11-07},
	journal = {A Video Game That Helps People Forge Stronger Relationships...With Pigs},
	author = {Fahey, Mike},
	month = jan,
	year = {2012}
}

@misc{stanton_walle_2008,
	type = {Animação, {Ficção} científica, {Comédia} dramática},
	title = {{WALL}·{E}},
	abstract = {WALL·E é um filme de animação americano de 2008 produzido pela Pixar Animation Studios e dirigido por Andrew Stanton. A história segue um robô chamado WALL·E, criado no ano de 2100 para limpar a Terra coberta por lixo. Ele se apaixona por um outro robô, chamado EVA,que tem a missão de encontrar pelo menos uma planta na superfície do planeta Terra. Ele a segue para o espaço em uma aventura que irá mudar seu destino e o destino da humanidade.},
	language = {en-US, pt-BR, es-ES},
	publisher = {Walt Disney Studios Motion Pictures},
	author = {Stanton, Andrew},
	month = jun,
	year = {2008},
	keywords = {ficção cientifica}
}

@book{oliveira_comemoracao_2007,
	series = {Série {Filosofia}},
	title = {Comemoração aos 200 anos da {Fenomenologia} do {Espírito} de {Hegel}},
	isbn = {85-89216-15-2},
	abstract = {Foi no outono de 1806 que Hegel concluiu a última parte de A fenomenologia do espírito. Napoleão, com suas tropas, estava às portas de Jena, onde Hegel morava na época. O filósofo alemão terminou de escrever este livro, portanto, “sob o trovão dos canhões”, segundo afirma um de seus alunos. Com a publicação de A fenomenologia do espírito no ano seguinte, 1807, a filosofia não seria mais a mesma no mundo.

Foi para marcar esta data, portanto, que vários professores universitários realizaram, em 2006, duzentos anos após Hegel ter terminado A fenomenologia do espírito, um congresso sobre o livro do filósofo alemão na Universidade Federal do Ceará. No ano seguinte, 2007, duzentos anos após a publicação da Fenomenologia também foi publicado este livro que traz, em seu interior, os textos que foram lidos por vários conferencistas durante o congresso.},
	language = {pt-BR},
	number = {6},
	author = {Oliveira, James},
	year = {2007}
}

@book{gardner_inteligencia:_2000,
	address = {Rio de Janeiro},
	title = {Inteligência: um conceito reformulado},
	publisher = {Objetiva},
	author = {GARDNER, Howard},
	year = {2000}
}

@misc{stylo_urbano_gm_nodate,
	type = {Informativo},
	title = {{GM} revela a primeira linha de produção em massa de carros autônomos},
	url = {http://www.stylourbano.com.br/gm-revela-a-primeira-linha-de-producao-em-massa-de-carros-autonomos/},
	abstract = {GM revela a primeira linha de produção em massa de carros autônomos},
	language = {pt-BR},
	journal = {GM revela a primeira linha de produção em massa de carros autônomos - Stylo Urbano},
	author = {{Stylo Urbano}},
	keywords = {carros autonomos, produção em massa}
}

@article{whitbourne_how_2011,
	title = {How {Videogames} {Can} {Promote} {Empathy}},
	url = {https://www.psychologytoday.com/blog/fulfillment-any-age/201109/how-videogames-can-promote-empathy},
	language = {English},
	urldate = {2017-11-09},
	journal = {Psychology Today},
	author = {Whitbourne, Susan},
	month = sep,
	year = {2011}
}

@misc{wikipedia_log_nodate,
	title = {Log de dados},
	url = {https://pt.m.wikipedia.org/wiki/Log_de_dados},
	language = {Português},
	journal = {Wikipedia},
	author = {Wikipedia}
}

@inproceedings{goldman_capitulo_2012,
	address = {Curitiba, Paraná, Brasil},
	title = {Capítulo 3: {Apache} {Hadoop}: {Conceitos} teóricos e práticos, evolução e novas possibilidades. {Alfredo} {Goldman}, {Fabio} {Kon}, {Francisco} {Pereira} {Junior}, {Ivanilton} {Polato}, {Rosangela} de {Fátima} {Pereira}},
	volume = {1},
	url = {https://www.ime.usp.br/~ipolato/JAI2012-Hadoop.pdf},
	abstract = {Advancements on the Internet popularity over the last decade and the increase in volume and complexity of services available on the Web led to the generation of massive amounts of data. To process these data, both performance and availability are critical factors that need to be evaluated since conventional data management mechanisms may not provide adequate support. One existing solution is the Apache Hadoop, a framework for storage and processing data at large-scale. Hadoop offers as main tools MapReduce, responsible for distributed processing, and the Hadoop Distributed File System (HDFS), for storing large data sets in a distributed way. Apache Hadoop has been considered an effective tool and is currently used by large corporations such as IBM, Oracle, Facebook, and Yahoo! among others. This course will introduce the main concepts of the Apache Hadoop framework, demonstrating its features, advantages, applications, components, and a study of new trends on this tool.},
	language = {Português},
	author = {Goldman, Alfredo and Kon, Fabio and Pereira Junior, Francisco and Polato, Ivanilton and Pereira, Rosangela de Fátima},
	year = {2012},
	pages = {p.88--136}
}

@misc{jacqueline_regulation_2014,
	title = {Regulation of {Big} {Data} in the {United} {States}},
	url = {https://united-kingdom.taylorwessing.com/globaldatahub/article_big_data_us_regs.html},
	journal = {TaylorWessing},
	author = {Jacqueline, Klosek},
	month = jul,
	year = {2014}
}

@misc{alphabet_google_2017,
	title = {Google {Code} of {Conduct}},
	url = {https://abc.xyz/investor/other/google-code-of-conduct.html},
	journal = {Alphabet},
	author = {Alphabet},
	month = oct,
	year = {2017}
}

@misc{alpha_this_2017,
	title = {This is how much {Google} is spending on cutting edge {AI} research},
	url = {https://qz.com/1095833/how-much-googles-deepmind-ai-research-costs-goog/},
	journal = {Quartz},
	author = {ALPHA, WOAH},
	month = oct,
	year = {2017}
}

@misc{google_privacy_nodate,
	title = {Privacy {And} {Terms}},
	url = {https://www.google.com/policies/privacy/partners/},
	journal = {Google},
	author = {Google}
}

@misc{eric_business_2016,
	title = {The {Business} of {Google} ({GOOG})},
	url = {http://www.investopedia.com/articles/investing/020515/business-google.asp},
	journal = {Investopedia},
	author = {Eric, Rosenberg},
	month = aug,
	year = {2016}
}

@misc{brian_firms_2016,
	title = {Firms {Are} {Buying}, {Sharing} {Your} {Online} {Info}. {What} {Can} {You} {Do} {About} {It}?},
	url = {https://www.npr.org/sections/alltechconsidered/2016/07/11/485571291/firms-are-buying-sharing-your-online-info-what-can-you-do-about-it},
	journal = {NPR},
	author = {Brian, Naylor},
	month = jul,
	year = {2016}
}

@misc{eric_introduction_nodate,
	title = {{INTRODUCTION} {FROM} {THE} {FOUNDING} {CO}-{CHAIRS}},
	url = {https://www.partnershiponai.org/introduction/},
	journal = {Partnership on AI},
	author = {Eric, Horvitz and Mustafa, Suleyman}
}

@misc{christina_10_2017,
	title = {10 tech giants investing in artificial intelligence: {What} is their plan and who are other key players?},
	url = {https://www.techworld.com/picture-gallery/data/tech-giants-investing-in-artificial-intelligence-3629737/},
	journal = {TechWorld},
	author = {Christina, Mercer},
	month = jul,
	year = {2017},
	keywords = {Inteligencia Artificial}
}

@book{carl_menger_origins_2009,
	address = {Auburn},
	title = {On the {Origins} of {Money}},
	isbn = {978-1-933550-59-6},
	url = {https://mises.org/library/origins-money-0},
	urldate = {2017-11-10},
	publisher = {Instituto Ludwig von Mises Brasil},
	author = {{Carl Menger}},
	year = {2009}
}

@article{satoshi_nakamoto_bitcoin:_2009,
	title = {Bitcoin: {A} {Peer}-to-{Peer} {Electronic} {Cash} {System}},
	url = {https://bitcoin.org/bitcoin.pdf},
	urldate = {2017-11-08},
	author = {{Satoshi Nakamoto}},
	year = {2009}
}

@article{piercarlo_mggiolini_um_2014,
	title = {Um aprofundamento para o conceito de ética digital},
	volume = {5},
	issn = {0034-7590},
	url = {http://dx.doi.org/10.1590/S0034-759020140511},
	doi = {http://dx.doi.org/10.1590/S0034-759020140511},
	number = {54},
	urldate = {2017-10-21},
	author = {{Piercarlo Mggiolini}},
	year = {2014},
	pages = {585--591}
}

@book{fernando_ulrich_bitcoin_2014,
	address = {São Paulo},
	edition = {1ª},
	title = {Bitcoin – {A} moeda na {Era} {Digital}},
	isbn = {978-1-933550-59-6},
	publisher = {Instituto Ludwig von Mises Brasil},
	author = {{Fernando Ulrich}},
	year = {2014}
}

@article{fugazza_privacidade_nodate,
	title = {Privacidade, ética e informação: uma reflexão filosófica sobre os dilemas no contexto das redes sociais},
	url = {https://periodicos.ufsc.br/index.php/eb/article/view/1518-2924.2017v22n50p91/34697},
	abstract = {Este artigo objetiva refletir sobre os dilemas do direito à privacidade no contexto das redes sociais no âmbito da vivência da democracia no ciberespaço, problematizando a efetividade da garantia de proteção da privacidade dos internautas, na valorização dos princípios da liberdade e autonomia no ambiente da Internet. Indica as diversas legislações de escopos nacional e internacional que garantem o direito à privacidade e proteção de dados pessoais dos cidadãos. Revisa a literatura de ética informacional, associando este domínio do conhecimento ao conceito de privacidade e ao contexto das redes sociais, discutindo a construção de conceitos que norteiam e que estão diretamente envolvidos com os domínios afins. Considera, a partir dos aportes da filosofia da informação, que a personalização de conteúdos operacionalizada pelas empresas digitais, em troca da ampla liberdade de acesso aos dados pessoais de seus usuários, ameaça os princípios de autonomia e liberdade no ciberespaço. Observa que a investigação de dados pessoais é feita também entre os próprios indivíduos, como um reflexo da atual cultura de “transparência”. Atenta para a necessidade de proteção ética e legal dos dados digitais dos internautas, visando à salvaguarda autônoma de sua identidade digital.},
	urldate = {2017-11-11},
	journal = {Artigo},
	author = {FUGAZZA, Grace and SALDANHA, Gustavo}
}

@article{dias_big_2013,
	title = {Big {Data}: questões éticas e legais emergentes},
	volume = {42},
	copyright = {Direitos autorais 2015 Guilherme Ataíde Dias, Américo Augusto Nogueira Vieira. Creative Commons Atribuição - Não comercial - Compartilhar igual 4.0 Internacional.},
	url = {http://revista.ibict.br/ciinf/article/view/1380/1558},
	abstract = {Este artigo apresenta e discute questões de cunho ético e legais associadas ao fenômeno do Big Data,
contextualizando esse conceito. Introduz questões éticas pertinentes ao Big Data conforme discutido pelo autor Kord Davis na obra intitulada Ethics of Big Data. A metodologia da pesquisa caracteriza-se por ser bibliográfica, exploratória e de cunho qualitativo. Com relação às questões de ordem ética relacionadas ao Big Data, entende-se que podem ser abordadas através do alinhamento das necessidades dos usuários em conjunto com as das organizações. No que
tange à discussão jurídica, apresenta os principais desafios para os governos e sociedades e, em particular, coteja esses desafios com o ordenamento jurídico brasileiro. Ao final, conclui-se que o ordenamento jurídico brasileiro e suas instituições devem se adequar melhor aos vários desafios impostos pela era da informação.},
	language = {Português},
	number = {n. 2},
	journal = {Ciência da Informação, Ibict},
	author = {Dias, Guilherme Ataíde and Vieira, Américo Augusto Nogueira},
	year = {2013},
	pages = {174--184}
}

@misc{chede_cezar_voce_2012,
	title = {Você realmente sabe o que é {Big} {Data}?},
	url = {https://www.ibm.com/developerworks/community/blogs/ctaurion/entry/voce_realmente_sabe_o_que_e_big_data?lang=en},
	abstract = {Texto explicando o que é o Big Data e algumas características presentes nessa tecnologia.},
	language = {Português},
	journal = {www.ibm.com},
	author = {Chede, Cezar},
	month = apr,
	year = {2012}
}

@article{bastos_geracao_nodate,
	title = {Geração {Z} – uma (nova) relação com o consumo},
	url = {http://aldeia.biz/blog/comportamento/geracao-z-uma-nova-relacao-com-o-consumo/},
	author = {Bastos, Letícia and Brugalli, Tatiana}
}

@book{habermas_autonomy_1992,
	title = {Autonomy and {Solidarity}: {Interviews} with {Jurgen} {Habermas}},
	isbn = {978-0-86091-579-9},
	url = {https://books.google.com.br/books?id=Xl1hNjbdq0gC},
	abstract = {Sugere uma "intuição moral" que percorre toda a sociedade.},
	language = {Inglês},
	publisher = {Verso},
	author = {Habermas, Jürgen},
	editor = {Dews, Peter},
	year = {1992}
}

@misc{noauthor_microsoft_nodate,
	type = {Company website},
	title = {Microsoft {HoloLens}},
	url = {http://www.microsoft.com/en-us/hololens}
}

@misc{nellen_history_nodate,
	title = {{HISTORY} {OF} {THE} {INTERNET}},
	url = {http://www.tnellen.com/cybereng/history.html},
	abstract = {Explanation of the history of the internet},
	language = {English},
	journal = {HISTORY OF THE INTERNET},
	author = {Nellen, Ted}
}

@misc{aamoth_first_2014,
	title = {First {Smartphone} {Turns} 20: {Fun} {Facts} {About} {Simon}},
	shorttitle = {First {Smartphone} {Turns} 20},
	url = {http://time.com/3137005/first-smartphone-ibm-simon/},
	abstract = {Information on the first smartphone},
	journal = {Time},
	author = {Aamoth, Doug},
	month = aug,
	year = {2014}
}

@misc{messick_data_2014,
	title = {The {Data} {Brokers}: {Selling} {Your} {Personal} {Information}},
	url = {https://www.cbsnews.com/news/the-data-brokers-selling-your-personal-information/},
	abstract = {Informações sobre quais os tipos de dados vendidos à empresas.},
	language = {English},
	journal = {The Data Brokers},
	publisher = {CBSN},
	collaborator = {Messick, Graham and Gavrilovic, Maria and Kroft, Steve},
	month = mar,
	year = {2014}
}

@misc{blog_do_whatsapp_conectando_2017,
	type = {Blog},
	title = {Conectando um bilhão de usuários todos os dias},
	url = {https://blog.whatsapp.com/10000631/Conectando-um-bilh%C3%A3o-de-usu%C3%A1rios-todos-os-dias?},
	journal = {Blog do Whatsapp},
	author = {{Blog do Whatsapp}},
	month = jul,
	year = {2017}
}

@article{harding_personal_2013,
	title = {Personal details in smartphone fitness apps 'sold to other firms': 20 most used products pass information to nearly 70 companies},
	url = {http://www.dailymail.co.uk/news/article-2409486/Personal-details-smartphone-fitness-apps-sold-firms-20-used-products-pass-information-nearly-70-companies.html},
	abstract = {Explica alguns motivos do porquê dados informações de aplicativos de saúde são vendidos.},
	language = {English},
	journal = {The Daily Mail},
	author = {Harding, Eleanor},
	month = sep,
	year = {2013}
}

@incollection{neal_fultz_blue_2009,
	title = {Blue versus {Red}: {Towards} a {Model} of {Distributed} {Security} {Attacks}.},
	volume = {5628},
	url = {https://pdfs.semanticscholar.org/5fe2/79382fab1bf3e85498b7b6f72540ecae8298.pdf},
	booktitle = {Financial {Cryptography}},
	author = {Neal Fultz, Jens Grossklags},
	month = feb,
	year = {2009},
	pages = {167--183}
}

@misc{canaltech_facebook_2014,
	title = {Facebook explica como vende os seus dados para publicidade},
	url = {https://canaltech.com.br/redes-sociais/Facebook-explica-como-vende-os-seus-dados-para-publicidade/},
	journal = {Canaltech},
	author = {Canaltech},
	month = nov,
	year = {2014}
}

@misc{the_center_for_connected_health_policy_mhealth_nodate,
	title = {{mHealth} {Laws} and {Regulations}},
	url = {http://www.cchpca.org/mhealth-laws-and-regulations},
	abstract = {Leis e regulamentações sobre mHealth ou mobile health},
	language = {English},
	author = {{The Center for Connected Health Policy}}
}

@misc{costa_por_2017,
	title = {Por que sua {Informação} é o novo {Petróleo} e quem são os novos {Xeiques}?},
	url = {http://www.proxxima.com.br/home/proxxima/how-to/2017/07/04/por-que-sua-informacao-e-o-novo-petroleo-e-quem-sao-os-novos-xeiques.html},
	abstract = {Aos que se preocupam com o extermínio de empregos, saibam que graças à robotização dos seus centros de distribuição a Amazon baixou seus custos de logística e repassou a economia aos clientes, o que aumentou suas vendas e a demanda por mais profissionais para atender o crescimento.},
	language = {Português},
	journal = {Proxxima},
	author = {Costa, Omarson},
	month = jul,
	year = {2017}
}

@misc{kleina_como_2011,
	title = {Como o {Facebook} ganha dinheiro?},
	url = {www.tecmundo.com.br/rede-social/10160-como-o-facebook-ganha-dinheiro-.htm},
	language = {Português},
	journal = {Tecmundo},
	author = {Kleina, Nilton},
	month = may,
	year = {2011}
}

@misc{phipps_opiniao:_2014,
	title = {Opinião: {O} grande problema do {Facebook}? {Cegueira} ética},
	url = {http://idgnow.com.br/internet/2014/06/30/opiniao-o-grande-problema-do-facebook-cegueira-etica/},
	abstract = {Realizar experimentos de psicologia sobre os usuários sem o seu conhecimento não é uma questão de termos de uso, privacidade ou segurança - é uma questão de decência e ética},
	journal = {IDG Now},
	author = {Phipps, Simon},
	month = jun,
	year = {2014}
}

@misc{mateos_o_2014,
	title = {O {Facebook} reconhece rostos quase tão bem quanto você},
	url = {https://hypescience.com/o-facebook-reconhece-rostos-quase-tao-bem-quanto-voce/},
	language = {Português},
	journal = {HypeScience},
	author = {Mateos, Gabriela},
	month = mar,
	year = {2014}
}

@article{presse_facebook_2017,
	chapter = {Tecnologias e Games},
	title = {Facebook enfrenta processo nos {EUA} por função de marcar fotos},
	url = {http://g1.globo.com/tecnologia/noticia/2016/05/facebook-enfrenta-processo-nos-eua-por-funcao-de-marcar-fotos.html},
	abstract = {Rede social disse que análise de fotos não é coleta de dados biométricos.
Processo é amparado por lei de privacidade de informação biométrica.},
	author = {Presse, Da France},
	month = may,
	year = {2017}
}

@misc{rutkin_facebook_2017,
	title = {Facebook can recognise you in photos even if you’re not looking},
	url = {https://www.newscientist.com/article/dn27761-facebook-can-recognise-you-in-photos-even-if-youre-not-looking#.VYmg4zBVjTE},
	language = {Inglês},
	journal = {New Scientist},
	author = {Rutkin, Aviva},
	month = jun,
	year = {2017}
}

@misc{brasil_lei_2014,
	title = {Lei nº12965},
	language = {Português},
	author = {Brasil, Poder Legislativo},
	month = apr,
	year = {2014},
	pages = {1}
}

@misc{angwin_minority_2017,
	title = {Minority {Neighborhoods} {Pay} {Higher} {Car} {Insurance} {Premiums} {Than} {White} {Areas} {With} the {Same} {Risk}},
	url = {https://www.propublica.org/article/minority-neighborhoods-higher-car-insurance-premiums-white-areas-same-risk},
	abstract = {Our analysis of premiums and payouts in California, Illinois, Texas and Missouri shows that some major insurers charge minority neighborhoods as much as 30 percent more than other areas with similar accident costs.

For decades, auto insurers have been observed to charge higher average premiums to drivers living in predominantly minority urban neighborhoods than to drivers with similar safety records living in majority white neighborhoods. Insurers have long defended their pricing by saying that the risk of accidents is greater in those neighborhoods, even for motorists who have never had one.},
	language = {English},
	journal = {ProPublica},
	author = {Angwin, Julia and Larson, Jeff and Kirchner, Lauren and Mattu, Surya},
	month = apr,
	year = {2017}
}

@misc{macedo_crise_2017,
	title = {Crise da ética e sociedade brasileira},
	url = {politica.estadao.com.br/blogs/fausto-macedo/crise-da-etica-e-sociedade-brasileira},
	abstract = {Tem se tornado um lugar comum entre nós a constatação de que vivemos uma crise da ética.

Acontecimentos recentes com denúncias de corrupção nos mais altos escalões do governo, do legislativo e do meio empresarial vêm causando perplexidade pelo alcance e a dimensão de casos que, se de um lado, sempre se suspeitou que ocorressem, por outro lado, nunca se pensou que tivessem essa magnitude e que pudessem causar os prejuízos que concretamente causaram.

Que desafios trazem para a sociedade brasileira as consequências desses processos que se tornaram parte de nosso dia? Que podemos fazer diante disso? A pergunta sempre feita é: qual a saída? Um ponto positivo é certamente o aumento da consciência ética do cidadão brasileiro, ou seja, a percepção da importância de uma postura mais ética. Além disso, a certeza da impunidade das elites, muito comum em nosso contexto, em grande parte também caiu por terra. Mas, o que significa uma postura mais ética?},
	language = {Português},
	journal = {Estadão},
	author = {Macedo, Fausto},
	month = may,
	year = {2017}
}

@misc{association_for_computing_machinery_acm_1992,
	title = {{ACM} {Code} of {Ethics} and {Professional} {Conduct}},
	url = {https://www.acm.org/about-acm/acm-code-of-ethics-and-professional-conduct},
	language = {Inglês},
	journal = {Association for Computing Machinery},
	author = {Association for Computing Machinery},
	month = oct,
	year = {1992}
}

@misc{sociedade_brasileira_de_computacao_codigo_2013,
	title = {Código de Ética},
	url = {http://www.sbc.org.br/institucional-3/codigo-de-etica},
	abstract = {A Sociedade Brasileira de Computação torna público o seu Código de Ética, voltado para reger o mercado de Informática no Brasil. A Comissão de Ética que é presidida pelo professor e Diretor de Relações Profissionais, Roberto Bigonha. A Comissão também tem como membros Carlos José Pereira de Lucena, Flávio Rech Wagner, Itana Gimenes e Paulo César Masiero.

A Comissão surge para zelar pela ética do exercício aos profissionais de Informática, esclarecer a Sociedade sobre seu papel na regulação de normas éticas aplicáveis à esse exercício e atuar como órgão judiciante nos litígios éticos que tenham por objeto o exercício profissional de Informática. Além disso, a Comissão oferece assessoria técnica na conduta ética na área de Informática, fornecendo orientação a órgãos públicos e sociedade em geral, sempre que solicitada.

Também estão programadas reuniões anuais da Comissão durante as realizações do Congresso da SBC e extraordinariamente, sempre que solicitada pelo Presidente. De acordo com Bigonha, “O Código de Ética estabelece um padrão de conduta dos profissionais de Informática no exercício de sua profissão. E a Comissão de Ética tem, por sua vez, o papel de interpretar e aplicar o Código sempre que necessário”.},
	language = {Português},
	author = {Sociedade Brasileira de Computação},
	year = {2013}
}

@misc{sas_o_nodate,
	title = {O que é {Big} {Data} e por que é importante?},
	url = {https://www.sas.com/pt_br/insights/big-data/what-is-big-data.html},
	abstract = {Big Data é o termo que descreve o imenso volume de dados – estruturados e não estruturados – que impactam os negócios no dia a dia.},
	urldate = {2017-11-11},
	author = {{SAS}}
}

@misc{muller_regulamentacao_2016,
	title = {Regulamentação do profissional de {TI}: você é a favor ou contra?},
	url = {www.oficinadanet.com.br/post/10839-voce-e-a-favor-ou-contra-a-regulamentacao-do-profissional-de-ti},
	language = {Português},
	journal = {Oficina da Net},
	author = {Muller, Nicolas},
	month = jun,
	year = {2016}
}

@misc{wikipedia_conselho_nodate,
	title = {Conselho de classe profissional},
	url = {https://pt.wikipedia.org/wiki/Conselho_de_classe_profissional},
	abstract = {O conselho de classe profissional são conselhos formados por profissionais de cada profissão, com diretorias democraticamente eleitas pelos seus associados que representam os interesses de sua profissão. Sua principal atribuição é a de registrar, fiscalizar e disciplinar as profissões regulamentadas. Elas são considerados "autarquia especial ou corporativa".},
	language = {Português},
	journal = {Wikipedia},
	author = {Wikipedia}
}

@misc{brasil_decreto_2017,
	title = {Decreto nº8771, de 11 de maio de 2016},
	author = {Brasil, Poder Executivo},
	month = may,
	year = {2017},
	pages = {7}
}

@misc{muller_regulamentacao_nodate,
	title = {Regulamentação do profissional de {TI}: você é a favor ou contra?},
	shorttitle = {Regulamentação do profissional de {TI}},
	url = {https://www.oficinadanet.com.br/post/10839-voce-e-a-favor-ou-contra-a-regulamentacao-do-profissional-de-ti},
	abstract = {Você sabe o que é a proposta de LEI 607/2007 do senador Expedito Júnior? A proposta pretende regulamentar profissões na área de tecnologia, você é a favor ou contra?},
	urldate = {2017-11-11},
	journal = {Oficina da Net},
	author = {Muller, Nicollas}
}

@misc{noauthor_eua_nodate,
	type = {Artigo},
	title = {{EUA} usam leis, empresas e infraestrutura para espionagem pela internet},
	url = {http://www.redebrasilatual.com.br/saude/2013/07/eua-usam-leis-empresas-e-infraestrutura-para-espionagem-via-internet-4938.html},
	abstract = {Presença de servidores, tráfego internacional de dados, grandes corporações de internet e legislações contrárias à privacidade garantem acesso privilegiado a órgãos de inteligência},
	language = {pt-br},
	urldate = {2017-11-11},
	journal = {Rede Brasil Atual}
}

@misc{faustino_protecao_nodate,
	title = {A proteção de dados pessoais no {Brasil}: {Breve} histórico do direito comparado até a atual realidade brasileira},
	url = {http://ambito-juridico.com.br/site/?n_link=revista_artigos_leitura&artigo_id=18241},
	abstract = {A questão de proteção de dados na internet é um desafio constante, o Brasil comparado com outras nações do mundo, ainda não possui um diploma efetivo de tutela desse tipo de direito, permitindo práticas abusivas por parte das empresas que realizam o tratamento desses dados. O objetivo desse artigo é demonstrar como está a legislação de proteção de dados pessoais nos Estados Unidos e na União Européia e elencar as principais iniciativas legislativas brasileiras para aprovar uma lei geral de proteção e tratamento de dados pessoais.},
	language = {Português},
	journal = {Âmbito Jurídico},
	author = {Faustino, Andre}
}

@misc{dilma_rousseff_lei_nodate,
	title = {Lei n°12.965 - {Marco} {Civil} da {Internet}},
	url = {http://www.planalto.gov.br/ccivil_03/_ato2011-2014/2014/lei/l12965.htm},
	urldate = {2017-11-11},
	author = {{Dilma Rousseff}}
}

@techreport{federal_trade_comission_big_2016,
	title = {Big {Data} - {A} {Tool} for {Inclusion} or {Exclusion}?},
	url = {https://www.ftc.gov/system/files/documents/reports/big-data-tool-inclusion-or-exclusion-understanding-issues/160106big-data-rpt.pdf},
	abstract = {To explore Big Data issues, the Federal Trade Commission (“FTC” or “the Commission”) held a public
workshop, Big Data: A Tool for Inclusion or Exclusion?, on September 15, 2014. The workshop brought
together stakeholders to discuss both the potential of big data to create opportunities for consumers and
to exclude them from such opportunities. The Commission has synthesized the information from the
workshop, a prior FTC seminar on alternative scoring products, and recent research to create this report.
Though “big data” encompasses a wide range of analytics, this report addresses only the commercial use
of big data consisting of consumer information and focuses on the impact of big data on low-income and
underserved populations. Of course, big data also raises a host of other important policy issues, such as
notice, choice, and security, among others. Those, however, are not the primary focus of this report.
As “little” data becomes “big” data, it goes through several phases. The life cycle of big data can be
divided into four phases: (1) collection; (2) compilation and consolidation; (3) analysis; and (4) use.
This report focuses on the fourth phase and discusses the benefits and risks created by the use of big data
analytics; the consumer protection and equal opportunity laws that currently apply to big data; research in
the field of big data; and lessons that companies should take from the research. Ultimately, this report is
intended to educate businesses on important laws and research that are relevant to big data analytics and
provide suggestions aimed at maximizing the benefits and minimizing its risks.},
	language = {English},
	institution = {Federal Trade of Comission},
	author = {Federal Trade Comission},
	month = jan,
	year = {2016},
	pages = {50}
}

@misc{vert_como_nodate,
	title = {Como o governo pode se beneficiar do {Big} {Data}? {\textbar} {VERT}},
	shorttitle = {Como o governo pode se beneficiar do {Big} {Data}?},
	url = {http://www.vert.com.br/blog-vert/como-o-governo-pode-se-beneficiar-do-big-data/},
	urldate = {2017-11-11},
	author = {{Vert}}
}

@misc{agencia_senado_instituicoes_nodate,
	title = {Instituições citam pontos de conflito em marco normativo para a proteção de dados},
	url = {https://www12.senado.leg.br/noticias-2/materias/2015/08/18/instituicoes-citam-pontos-de-conflito-em-marco-normativo-para-a-protecao-de-dados},
	abstract = {A Comissão de Ciência, Tecnologia, Inovação, Comunicação e Informática (CCT) realizou, nesta terça-feira (18), debate para instruir o substitutivo ao Projeto de Lei do Senado (PLS) 330/2013 , que pretende criar um marco normativo de proteção de dados dos brasileiros. Os participantes da audiência apontaram pontos conflituosos e ausências de regulamentação na proposição, e o relator do substitutivo na comissão, senador Aloysio Nunes (PSDB-SP), informou que, a partir da contribuição das instituições, irá fazer modificações ao relatório.},
	urldate = {2017-11-11},
	journal = {Senado Federal},
	author = {{Agência Senado}}
}

@article{hirsch_thats_2015,
	title = {That's {Unfair}! {Or} {Is} {It}? {Big} {Data}, {Discrimination} and the {FTC}'s {Unfairness} {Authority}},
	volume = {103},
	url = {https://ssrn.com/abstract=2598545},
	abstract = {Big data and data analytics (“big data”) can produce many social and economic benefits. But they can also generate privacy injuries and harmful discrimination. The governance of big data should, accordingly, focus on balancing benefits and risks. Where the potential benefits outweigh the risks, the big data application should be seen as appropriate. Where the risks outweigh the benefits, it should be seen as inappropriate. This provides a framework for sorting beneficial from harmful uses of big data, and so for figuring out which big data applications are in bounds, and which are not. 

Others have advocated a risk-benefit approach to big data. However, the scholarly literature has not yet identified a legal basis on which to ground such an approach. This Article does. It argues that the FTC could use its Section 5 “unfairness authority” to draw the line between those big data uses that are appropriate and fair, and those that are inappropriate and unfair. In this way, it could provide guidance to big data businesses that are struggling to find a coherent, legally-grounded framework for making such calls. It could also take an important step towards protecting privacy and civil rights in the era of big data. 

This raises an important legal question. Does the Commission’s unfairness authority encompass the governance of big data? Or does this task lie outside the scope of the FTC's statutory jurisdiction? Here, the essay offers an original reading of FTC v. Wyndham Worldwide Corp., a district court decision (on appeal at the time of this writing) that provides the latest word on the scope of the FTC’s unfairness jurisdiction. It shows that the Wyndham decision both supports the FTC’s authority to govern big data practices and provides guidance on how the Commission could go about doing so.},
	language = {English},
	journal = {Kentucky Law Journal},
	author = {Hirsch, Dennis D.},
	year = {2015},
	note = {Keywords: big data, data analytics, privacy, data protection, discrimination, civil rights, federal trade commission, federal trade commission act, Section 5, unfairness authority, fairness},
	pages = {18}
}

@misc{pozzebom_o_2014,
	title = {O que é {Big} {Data}?},
	url = {https://www.oficinadanet.com.br/post/13252-o-que-e-big-data},
	abstract = {Big Data é o termo usado para descrever grandes volumes de dados; os Big Data são cada vez mais relevantes à medida que a sociedade se depara com um aumento sem precedentes no número de informações geradas a cada dia.},
	urldate = {2017-11-11},
	journal = {Oficina da Net},
	author = {Pozzebom, Rafaela},
	month = sep,
	year = {2014}
}

@misc{wikipedia_marco_nodate,
	title = {Marco {Civil} da {Internet}},
	url = {https://pt.wikipedia.org/wiki/Marco_Civil_da_Internet},
	abstract = {O Marco Civil da Internet, oficialmente chamado de Lei N° 12.965/14, é a lei que regula o uso da Internet no Brasil por meio da previsão de princípios, garantias, direitos e deveres para quem usa a rede, bem como da determinação de diretrizes para a atuação do Estado.[3]
O projeto surgiu em 2009 e foi aprovado na Câmara dos deputados em 25 de março de 2014[4] e no Senado Federal em 23 de abril de 2014, sendo sancionado logo depois pela então presidente Dilma Rousseff.[5]
A ideia do projeto, surgida em 2007, foi adotada pelo governo federal em função da resistência social ao projeto de lei de cibercrimes, conhecido como Lei Azeredo (em alusão ao seu autor, Eduardo Azeredo), muito criticado sob a alcunha de AI-5 digital.[6] Após ser desenvolvido colaborativamente em um debate aberto por meio de um blog,,[7] em 2011 o Marco Civil foi apresentado como um Projeto de Lei do Poder Executivo à Câmara dos Deputados, sob o número PL 2126/2011.[8] No Senado, desde 26 de março de 2014 o projeto tramitou sob o número PLC 21 de 2014[9] até sua aprovação em 23 de abril de 2014.
O texto do projeto trata de temas como neutralidade da rede, privacidade, retenção de dados,[10] a função social que a rede precisará cumprir, especialmente garantir a liberdade de expressão e a transmissão de conhecimento, além de impor obrigações de responsabilidade civil aos usuários e provedores.},
	language = {Português},
	journal = {Wikipedia},
	author = {Wikipedia}
}

@article{goodman_european_2016,
	title = {European {Union} regulations on algorithmic decision-making and a "right to explanation"},
	url = {https://arxiv.org/pdf/1606.08813},
	doi = {10.1609/aimag.v38i3.2741},
	abstract = {We summarize the potential impact that the European Union's new General Data Protection Regulation will have on the routine use of machine learning algorithms. Slated to take effect as law across the EU in 2018, it will restrict automated individual decision-making (that is, algorithms that make decisions based on user-level predictors) which "significantly affect" users. The law will also effectively create a "right to explanation," whereby a user can ask for an explanation of an algorithmic decision that was made about them. We argue that while this law will pose large challenges for industry, it highlights opportunities for computer scientists to take the lead in designing algorithms and evaluation frameworks which avoid discrimination and enable explanation.},
	language = {English},
	author = {Goodman, Bryce and Flaxman, Seth},
	month = aug,
	year = {2016},
	note = {presented at 2016 ICML Workshop on Human Interpretability in Machine Learning (WHI 2016), New York, NY},
	pages = {9}
}

@misc{fabio_esteves_i_2016,
	type = {Blog},
	title = {“{I} have nothing to hide. {Why} should {I} care about my privacy?”},
	url = {https://medium.com/@FabioAEsteves/i-have-nothing-to-hide-why-should-i-care-about-my-privacy-f488281b8f1d},
	language = {English},
	journal = {Medium},
	author = {Fábio Esteves},
	month = oct,
	year = {2016},
	keywords = {Pri, Secret}
}

@misc{buolamwini_how_2017,
	type = {{TED} {Talk}},
	title = {How {I}'m fighting bias in algorithms},
	url = {https://www.youtube.com/watch?v=UG_X_7g63rY},
	abstract = {MIT grad student Joy Buolamwini was working with facial analysis software when she noticed a problem: the software didn't detect her face -- because the people who coded the algorithm hadn't taught it to identify a broad range of skin tones and facial structures. Now she's on a mission to fight bias in machine learning, a phenomenon she calls the "coded gaze." It's an eye-opening talk about the need for accountability in coding ... as algorithms take over more and more aspects of our lives.},
	language = {English},
	author = {Buolamwini, Joy},
	month = mar,
	year = {2017}
}

@article{british_computer_society_green_2011,
	title = {Green {Impact} of {Hardware}},
	volume = {53},
	language = {English},
	journal = {ITNOW},
	author = {British Computer Society},
	year = {2011},
	pages = {10--17}
}

@misc{knight_foundation_news_2016,
	type = {Blog},
	title = {News {Goes} {Mobile}: {How} {People} {Use} {Smartphones} to {Access} {Information}},
	url = {https://medium.com/mobile-first-news-how-people-use-smartphones-to/news-goes-mobile-how-people-use-smartphones-to-access-information-53ccb850d80a},
	language = {English},
	journal = {Medium},
	author = {Knight Foundation},
	year = {2016}
}

@article{smith_malware_2016,
	title = {Malware and {Disease}: {Lessons} from {Cyber} {Intelligence} for {Public} {Health} {Surveillance}},
	volume = {14},
	issn = {2326-5094},
	url = {http://www.ncbi.nlm.nih.gov/pmc/articles/PMC5041502/},
	doi = {10.1089/hs.2015.0077},
	abstract = {Malicious software and infectious diseases are similar is several respects, as are the functional requirements for surveillance and intelligence to defend against these threats. Given these similarities, this article compares and contrasts the actors, relationships, and norms at work in cyber intelligence and disease surveillance. Historical analysis reveals that civilian cyber defense is more decentralized, private, and voluntary than public health in the United States. Most of these differences are due to political choices rather than technical necessities. In particular, political resistance to government institutions has shaped cyber intelligence over the past 30 years, which is a troubling sign for attempts to improve disease surveillance through local, state, and federal health departments. Information sharing about malware is also limited, despite information technology being integral to cyberspace. Such limits suggest that automation through electronic health records will not automatically improve public health surveillance. Still, certain aspects of information sharing and analysis for cyber defense are worth emulating or, at the very least, learning from to help detect and manage health threats.},
	number = {5},
	journal = {Health Security},
	author = {Smith, Frank L},
	month = oct,
	year = {2016},
	pages = {305--314}
}

@misc{valve_developer_source_nodate,
	type = {Tools},
	title = {Source {SDK}},
	shorttitle = {Source {SDK}},
	url = {https://developer.valvesoftware.com/wiki/Counter-Strike:_Global_Offensive_Authoring_Tools},
	abstract = {Ferramenta de desenvolvimento de Mapas e visualização de Models CS GO},
	language = {English},
	journal = {Counter-Strike: Global Offensive Authoring Tools},
	author = {Valve Developer},
	keywords = {3D, Representatividade, Source SDK}
}

@misc{roncolato_governo_nodate,
	title = {Governo abre debate sobre {Lei} de {Proteção} de {Dados} e {Marco} {Civil} da {Internet}},
	abstract = {Ministério da Justiça lança duas plataformas para receber contribuições sobre nova lei de dados pessoais e de decreto para regulamentação do Marco Civil.},
	author = {Roncolato, Murilo},
	keywords = {Apoio popular, Proteção de dados, Regulamentação}
}

@misc{prado_as_2016,
	title = {As mil e uma utilidades da realidade virtual e aumentada},
	url = {https://tecnoblog.net/195283/realidade-virtual-aumentada-aplicacao-diferenca-futuro/},
	abstract = {Fala sobre os principais dispositivos de Realidade Aumentada atualmente (2017), como Oculus Rift, Gear VR, Google Glass e HoloLens. Cobre as principais diferenças e aplicações desses gadgets.},
	urldate = {2017-11-11},
	journal = {Tecnoblog},
	author = {Prado, Jean},
	year = {2016}
}

@misc{ghedin_em_2017,
	title = {Em dez anos, realidade aumentada poderá substituir o smartphone},
	url = {http://www.gazetadopovo.com.br/economia/nova-economia/em-dez-anos-realidade-aumentada-podera-substituir-o-smartphone-41qtiylcua6qjkk78q2pwgftg},
	abstract = {Analistas e empresas como Facebook, Google e Microsoft apostam forte na tecnologia que mescla virtual e real, e transforma o mundo em uma grande tela.},
	urldate = {2017-11-11},
	journal = {Gazeta do Povo},
	author = {Ghedin, Rodrigo},
	month = may,
	year = {2017},
	keywords = {augmented reality, Google, Google Glass, HoloLens, Microsoft, Realidade Aumentada, Zuckerberg}
}

@misc{coradin_microsoft_2017,
	title = {Microsoft {HoloLens} está sendo testado pela {Força} {Aérea} {Australiana}.},
	url = {https://www.tecmundo.com.br/hololens/113709-microsoft-hololens-sendo-testado-forca-aerea-australiana.htm},
	abstract = {O Defence Science and Technology Group (Grupo de Tecnologia, Ciência e Defesa), parte do Departamento Australiano de Defesa, está desenvolvendo aplicações e demonstraram, através do uso de realidade aumentada, cenários e simulações que poderão ser explorados em exercícios e treinamentos.},
	urldate = {2017-11-11},
	journal = {Tecmundo},
	author = {Coradin, Ezequiel},
	month = jan,
	year = {2017}
}

@misc{canaltech_por_2016,
	title = {Por que o {Windows} {Phone} fracassou?},
	url = {https://canaltech.com.br/windows-mobile/alguns-motivos-para-o-fracasso-do-windows-phone-67457/},
	abstract = {Discute sobre as causas que levou o Windows Phone ao fracasso, sistema mobile fornecido pela Microsoft que não foi para frente.},
	urldate = {2017-11-11},
	journal = {Canaltech},
	author = {{Canaltech}},
	month = may,
	year = {2016}
}

@misc{wikipedia_magic_2017,
	title = {Magic {Leap}},
	url = {https://en.wikipedia.org/wiki/Magic_Leap},
	abstract = {Informações sobre a empresa Magic Leap e suas tecnologias de Realidade Aumentada. Sendo a principal delas chamda de "Magic Leap", um dispositivo capaz de projetar imagens diretamente na retina do usuário.},
	urldate = {2017-11-11},
	journal = {The Free Enyclopedia},
	author = {{Wikipedia}},
	month = nov,
	year = {2017}
}

@misc{filipe_foka_lima_citacao_2016,
	type = {Jogos},
	title = {Citação de {Galinhas} em 4gamerz},
	shorttitle = {Galinhas {CS} {GO}},
	url = {http://www.4gamerz.com.br/noticias/esl-cologne-numeros-arrebatadores},
	abstract = {Atualização de comemoração do Counter Strike Global Offensive},
	language = {Portugues},
	journal = {ESL Cologne: números arrebatadores},
	author = {Filipe "Foka" Lima},
	month = aug,
	year = {2016}
}

@misc{noauthor_grito_nodate,
	type = {Jogos},
	title = {Grito {Zombador} de {Tryndamere}},
	shorttitle = {Grito {Zombador}},
	url = {http://gameinfo.br.leagueoflegends.com/pt/game-info/champions/tryndamere/},
	abstract = {Poder de Tryndamere em League Of Legends, Grito Zombador},
	language = {Portugues},
	journal = {Tryndamere, o Rei Bárbaro},
	keywords = {Galinhas, Grito zombador, LoL, Tryndamere}
}

@misc{ryunoken_montaria_nodate,
	type = {Jogos},
	title = {Montaria em {Final} {Fantasy}},
	shorttitle = {Final {Fantasy} {Montaria} de {Galinha}},
	url = {https://ryunoken.wordpress.com/2007/05/11/e-um-passaro-e-uma-galinha-gigante-nao-e-o-chocobo/},
	language = {Portugues},
	journal = {É um pássaro? É uma galinha gigante? Não, é o Chocobo!},
	author = {Ryunoken},
	keywords = {Chocobo, Final Fantasy, Galinha, Montaria}
}

@misc{wagner_wakka_galinhas_nodate,
	type = {Jogos},
	title = {Galinhas em {Hyrule} {Warriors}},
	shorttitle = {Galinhas em {Hyrule} {Warriors}},
	url = {http://www.oplayer2.com.br/nintendo-mostra-porque-atacar-galinhas-em-hyrule-warriors-nao-e-uma-boa-ideia/},
	abstract = {Web Site com Vídeo mostrando como pode ser ruim atacar uma galinha em Hyrule Warrios},
	language = {Portugues},
	journal = {Nintendo mostra porque atacar galinhas em Hyrule Warriors não é uma boa ideia},
	author = {Wagner Wakka},
	month = sep,
	keywords = {Galinhas, Hyrule Warrios, Jogos}
}

@misc{harada_microsoft_2015,
	title = {Microsoft {HoloLens}, o computador holográfico mais avançado do mundo.},
	url = {https://www.tecmundo.com.br/hololens/72965-microsoft-hololens-computador-holografico-avancado-mundo.htm},
	abstract = {Expõe uma nova tecnologia de Realidade Aumentada desenvolvida pela Microsoft. Mostra algumas aplicações práticas.},
	urldate = {2017-11-11},
	journal = {Tecmundo},
	author = {Harada, Eduardo},
	month = jan,
	year = {2015}
}

@misc{noauthor_galinha_nodate,
	title = {Galinha em {Cinemática} de {Fable} {III}},
	volume = {3},
	shorttitle = {Fable 3 - {Official} {Intro} {Cinematic} {\textbar} {HD}},
	url = {https://www.youtube.com/watch?v=PgigSpd8N1k},
	abstract = {Galinha sofrendo abusos em busca da liberdade.},
	language = {English},
	keywords = {Galinhas, Chicken, Cinemática, Fable}
}

@misc{presidencia_da_republica_constituicao_nodate,
	title = {Constituição {Federal} - {Constituição} da {Republica} {Federativa} do {Brasil} 1988 {\textbar} {Constituição} da {República} {Federativa} do {Brasil} de 1988},
	url = {https://presrepublica.jusbrasil.com.br/legislacao/155571402/constituicao-federal-constituicao-da-republica-federativa-do-brasil-1988},
	abstract = {Definir e assegurar os direitos e deveres dos cidadãos brasileiros.},
	urldate = {2017-11-11},
	journal = {Jusbrasil},
	author = {{Presidência da República}}
}

@misc{camara_dos_deputados_projeto_2011,
	title = {Projeto de {Lei} 2126/2011 {\textbar} {Redação} final},
	url = {http://www.camara.gov.br/proposicoesWeb/prop_mostrarintegra;jsessionid=191CAB1B8F857F6E326FD6FA03A79B51.proposicoesWebExterno1?codteor=1238854&filename=REDACAO+FINAL+-+PL+2126/2011},
	abstract = {Estabelece    princípios,    garantias, 
direitos  e  deveres  para  o  uso  da 
internet 
no Brasil.},
	urldate = {2017-11-11},
	author = {{Câmara dos Deputados}},
	year = {2011}
}

@misc{emergence_capital_after_2017,
	type = {Blog},
	title = {After a {Decade}, the {Mobile} {Enterprise} {Revolution} {Has} {Only} {Just} {Begun}},
	url = {https://medium.com/@emergencecap/after-a-decade-the-mobile-enterprise-revolution-has-only-just-begun-a2f02804c566},
	language = {English},
	journal = {Medium},
	author = {Emergence Capital},
	year = {2017}
}

@misc{zubko_alise_2015,
	title = {Análise crítica da {Lei} do {Marco} {Civil} da {Internet} ({Lei} 12.965/2014) e {Anteprojeto} de {Lei} de {Proteção} de {Dados} {Pessoais}},
	url = {https://suzannamacedo.jusbrasil.com.br/artigos/215684309/analise-critica-da-lei-do-marco-civil-da-internet-lei-12965-2014-e-anteprojeto-de-lei-de-protecao-de-dados-pessoais},
	abstract = {Objetiva compreender a finalidade e importância da Lei do Marco Civil sancionada em 2014 e do Anteprojeto de Lei de Proteção de Dados Pessoais bastante debatidos atualmente. Trata-se de legislações que visam, respectivamente, regularizar o uso da internet no Brasil e proteger os dados pessoais dos cidadãos.},
	urldate = {2017-11-11},
	journal = {Juzbrasil},
	author = {Zubko, Suzanna},
	year = {2015}
}

@misc{nicole_m._aschoff_smartphone_2015,
	type = {Blog},
	title = {The {Smartphone} {Society}},
	url = {https://www.jacobinmag.com/2015/03/smartphone-usage-technology-aschoff},
	language = {English},
	journal = {Jacobin},
	author = {Nicole M. Aschoff},
	year = {2015}
}

@inproceedings{wei-han_lee_multi-sensor_2015,
	title = {Multi-sensor authentication to improve smartphone security},
	language = {English},
	author = {Wei-Han Lee, Ruby B. Lee},
	year = {2015}
}

@article{rogerson_evolution_2011,
	title = {The {Evolution} of {E}-learning {Management} {Systems}: {An} {Ethical} {Approach}},
	volume = {1},
	url = {http://dx.doi.org/10.4018/ijcee.2011070102},
	abstract = {The development of educational technologies is enhancing a distinctive feature of learning environments: the learner's personalized environment. However, the current literature in e-learning seems to neglect an important discussion: will individuals learners and lecturers and organizations face an enhancement concerning ethical dilemmas due to this evolution? To promote this discussion, this paper builds on a consideration of e-learning definition and its ethical dilemmas, and human-centred learning concept and its dimensions, to examine the implications of integrating social and cultural contexts. By examining the evolution of e-learning management systems the argument progresses to a discussion of the relationships between pedagogy and ethics. By framing evidence at different scales, the authors critically reflect on the ethical dilemmas embedded in e-learning systems. The discussion concludes with advocating the adoption of an extension of "three P" mode of pedagogy to become the "P3E" model: personalization, participation, productivity, lecturer's ethics, learner's ethics, and organizational ethics.},
	number = {3},
	journal = {Int. J. Cyber Ethics Educ.},
	author = {Rogerson, Simon and Prior, Mary and Morais da Costa, Gon{\textbackslash}c\{c\}alo Jorge and Alves da Silva, Nuno Sotero},
	month = jul,
	year = {2011},
	pages = {12--24}
}

@inproceedings{igor_bisio_performance_2013,
	title = {Performance comparison of a probabilistic fingerprint-based indoor positioning system over different smartphones},
	language = {English},
	author = {Igor Bisio, Fabio Lavagetto and Mario Marchese, Andrea Sciarrone},
	year = {2013}
}

@inproceedings{rosales_banderas_jose_de_jesus_methodology_2016,
	title = {Methodology for {Iris} {Scanning} through {Smartphones}},
	language = {English},
	author = {Rosales Banderas José De Jesús, López Sánchez Máximo and Pinto Elías Raúl, González Serna Gabriel},
	year = {2016}
}

@misc{bethesda_chicken_nodate,
	type = {Wiki},
	title = {Chicken ({Skyrim})},
	shorttitle = {Chicken ({Skyrim})},
	url = {http://elderscrolls.wikia.com/wiki/Chicken_(Skyrim)},
	abstract = {Descrição da Galinha em Skyrim},
	language = {English},
	journal = {Chicken (Skyrim)},
	author = {Bethesda},
	keywords = {Chicken, Skyrim}
}

@misc{animaker_4vs_nodate,
	title = {The 4Vs of {BIG} {DATA} from {IBM} - {Video} {Infographics}},
	url = {https://www.youtube.com/watch?v=Hv397JnNWYc},
	abstract = {O vídeo explica o que cada V do Big Data significa enquanto concede dados estatísticos.},
	urldate = {2017-11-12},
	author = {{Animaker}},
	keywords = {big data, IBM, video Infographics}
}

@misc{redacao_246_2017,
	title = {2,46 bilhões de pessoas já usam as redes sociais em todo o mundo},
	url = {https://canaltech.com.br/redes-sociais/246-bilhoes-de-pessoas-ja-usam-as-redes-sociais-em-todo-o-mundo-97358/},
	abstract = {A redes sociais possuem um grande número de usuários e a tendência é só aumentar},
	urldate = {2017-11-22},
	journal = {canaltech},
	author = {{Redação}},
	month = jun,
	year = {2017}
}

@techreport{iso/iec_9126-1_engenharia_2003,
	title = {Engenharia de software - {Qualidade} de produto - {Parte} 1: {Modelo} de qualidade},
	url = {http://jkolb.com.br/wp-content/uploads/2014/02/NBR-ISO_IEC-9126-1.pdf},
	abstract = {Conceituação da confiabilidade.},
	institution = {Associação Brasileira de Normas Técnicas},
	author = {{ISO/IEC 9126-1}},
	year = {2003}
}

@misc{hekima_big_2016,
	title = {Big {Data}: tudo que você sempre quis saber sobre o tema!},
	shorttitle = {Big {Data}},
	url = {http://www.bigdatabusiness.com.br/tudo-sobre-big-data/},
	abstract = {Mega artigo com tudo sobre Big Data: aplicações, benefícios, processo de transformação dos dados em informação para tomada de decisão de negócios, cases.},
	urldate = {2017-11-12},
	journal = {Big Data Business},
	author = {{Hekima}},
	month = sep,
	year = {2016}
}

@misc{banco_central_do_brasil_comunicado_2014,
	title = {Comunicado nº 25.306},
	url = {https://www3.bcb.gov.br/normativo/detalharNormativo.do?method=detalharNormativo&N=114009277},
	abstract = {Esclarece sobre a atual postura governamental sobre o assunto, os riscos provenientes da aquisição das chamadas "moedas virtuais" ou "moedas criptografadas" e da realização de transações com elas. Além disso o artigo diferencia moedas eletrônicas e moedas virtuais.},
	urldate = {2017-11-09},
	author = {{Banco Central do Brasil}},
	month = feb,
	year = {2014}
}

@misc{bitcoin.org_bitcoin.org._nodate,
	title = {Bitcoin.org. {Disponível} em {\textless}https://bitcoin.org/pt\_BR/faq\#geral{\textgreater}. {Acesso} em: 10/11/2017.},
	url = {https://bitcoin.org/pt_BR/faq#geral},
	urldate = {2017-11-10},
	author = {Bitcoin.org}
}

@misc{cointelegraph.com_blockchain_nodate,
	title = {Blockchain {News}. {Disponível} em {\textless}https://cointelegraph.com/tags/blockchain{\textgreater}. {Acesso} em: 11/11/2017.},
	url = {https://cointelegraph.com/tags/blockchain},
	urldate = {2017-11-11},
	journal = {Blockchain News},
	author = {Cointelegraph.com}
}

@techreport{european_central_bank_virtual_2012,
	address = {Frankfurt},
	title = {Virtual currency schemes},
	url = {https://www.ecb.europa.eu/pub/pdf/other/virtualcurrencyschemes201210en.pdf},
	urldate = {2017-11-10},
	institution = {European Central Bank},
	author = {{European Central Bank}},
	month = oct,
	year = {2012}
}

@misc{camara_dos_deputados_projeto_2015,
	title = {Projeto de {Lei} nº 2303/15. {Dep}. {Aureo} {SD}/{RJ}},
	url = {http://www.camara.gov.br/proposicoesWeb/fichadetramitacao?idProposicao=1555470},
	abstract = {Esclarece sobre os riscos decorrentes da aquisição das chamadas "moedas virtuais" ou "moedas criptografadas" e da realização de transações com elas.},
	urldate = {2017-11-09},
	author = {{Câmara dos Deputados}},
	month = jul,
	year = {2015}
}

@book{martins_metodologia_2009,
	address = {São Paulo},
	title = {Metodologia da investigação científica para ciências sociais aplicadas},
	isbn = {978-85-224-5568-3},
	publisher = {Atlas},
	author = {Martins, Gilberto de Andrade and Theóphilo, Carlos Renato},
	year = {2009}
}

@book{nader_introducao_2014,
	address = {Rio de Janeiro},
	edition = {36},
	title = {Introdução ao estudo do direito},
	abstract = {Definições de Equidade e Justiça},
	publisher = {Forense},
	author = {Nader, Paulo},
	year = {2014}
}

@misc{casa_da_moeda_do_brasil_codigo_nodate,
	title = {Código de ética da {Casa} da {Moeda} do {Brasil}},
	url = {http://www.casadamoeda.gov.br/portal/a-empresa/etica/codigo-de-etica.html},
	abstract = {Declaração qual o Código de Ética quais a Casa da Moeda do Brasil e seus associados estão submetidos.},
	urldate = {2017-11-06},
	author = {{Casa da Moeda do Brasil}}
}

@misc{hekima_big_2017,
	title = {Big {Data} e {Inteligência} {Artificial}: números e estatísticas impressionantes},
	shorttitle = {Big {Data} e {Inteligência} {Artificial}},
	url = {http://www.bigdatabusiness.com.br/os-grandes-e-impressioantes-numeros-de-big-data/},
	abstract = {Conheça alguns dos gigantescos números envolvidos no universo de Big Data e Inteligência Artificial capazes de provar que essas tecnologias são o futuro!},
	urldate = {2017-11-12},
	journal = {Big Data Business},
	author = {{Hekima}},
	month = feb,
	year = {2017}
}

@article{berteli_etica_2016,
	title = {Ética digital: como equilibrar os riscos e recompensas da inovação digital},
	url = {https://canaltech.com.br/mercado/etica-digital-como-equilibrar-os-riscos-e-recompensas-da-inovacao-digital/},
	urldate = {2017-11-06},
	author = {Berteli, Hamilton},
	month = mar,
	year = {2016}
}

@misc{presidencia_da_republica_lei_2012,
	title = {Lei nº 12.737},
	url = {http://www.planalto.gov.br/ccivil_03/_ato2011-2014/2012/lei/l12737.htm},
	abstract = {Dispõe sobre a tipificação criminal de delitos informáticos; altera o Decreto-Lei no 2.848, de 7 de dezembro de 1940 - Código Penal; e dá outras providências.},
	urldate = {2017-11-06},
	author = {{Presidência da República}},
	month = nov,
	year = {2012}
}

@article{jones_connecting_2006,
	title = {Connecting the digital dots: {Literacy} of the 21st century},
	volume = {29},
	abstract = {Definição de literacia digital},
	number = {2},
	journal = {Educause Quarterly},
	author = {Jones, B and Flannigan, Suzanne L},
	year = {2006},
	pages = {8--10}
}

@misc{bhat_patent_2017,
	type = {Site de notícias},
	title = {Patent reveals {Activision} uses matchmaking to encourage players to buy more microtransactions},
	url = {https://charlieintel.com/2017/10/17/patent-reveals-activision-uses-matchmaking-encourage-players-buy-microtransactions/},
	language = {Inglês},
	journal = {Charlie Intel},
	author = {Bhat, Keshav},
	month = oct,
	year = {2017}
}

@phdthesis{silva_regulacao_2017,
	address = {São Paulo},
	type = {Mestrado},
	title = {A regulação do uso de criptomoedas no {Brasil}},
	url = {http://tede.mackenzie.br/jspui/handle/tede/3358},
	abstract = {A humanidade utilizou diversos instrumentos como meio de troca durante a sua história, desde conchas até os pedações de papel com os quais somos familiares. Contudo, o desenvolvimento tecnológico eliminou grande parte da necessidade de substrato físico do meio de troca, tornando-o virtual e preservando apenas a parte mais importante: a informação e o valor atribuído a este instrumento pela sociedade. Assim, este movimento gerou muitos tipos de meio de troca, incluindo a Bitcoin e as outras Criptomoedas. Estes bens, criados e mantido por grupos sociais específicos, expande-se dia após dia na medida em que o mercado passa a perceber as grandes oportunidades geradas por esta nova tecnologia. Contudo, tal disrupção gera grandes questionamentos na esfera jurídica vez que o sistema legal atualmente em vigor encontra dificuldade ao lidar com a Criptomoeda dadas as suas características únicas. Assim, o presente trabalho busca verificar como a Criptomoeda se encaixa no sistema jurídico brasileiro e, dada a ausência de regulação específica a respeito do tema, como o regramento da utilização de Criptomoedas pode se dar em âmbito nacional. Assim, por meio da análise da doutrina e jurisprudência nacional e estrangeira, análise de dados empíricos e legislação, esta pesquisa apresenta o funcionamento da Criptomoeda, utilizando a Bitcoin, dado o fato de que esta é a Criptomoeda mais popular atualmente, indica a natureza jurídica desta (o que faz com que a sua utilização e tutela jurídica possam ser mais bem definidas) e como a regulação e autorregulação do seu uso deve ser realizada, apontando como esta questão foi abordada em outros países e como estruturas e mercados similares lidaram com questões relacionadas a novas tecnologias.},
	language = {Português},
	urldate = {2017-11-06},
	school = {Presbiteriana Mackenzie},
	author = {Silva, Luiz Gustavo Doles},
	month = apr,
	year = {2017}
}

@article{sa_pesquisa_2017,
	title = {Pesquisa mostra que meio bilhão de pessoas estão minerando criptomoedas sem saber},
	url = {https://portaldobitcoin.com/pesquisa-mostra-que-meio-bilhao-de-pessoas-estao-minerando-criptomoedas-sem-saber/},
	urldate = {2017-11-06},
	author = {Sá, Victor},
	month = oct,
	year = {2017}
}

@article{mattioli_orbitz_nodate,
	title = {On {Orbitz}, {Mac} {Users} {Steered} to {Pricier} {Hotels}},
	url = {https://www.wsj.com/articles/SB10001424052702304458604577488822667325882},
	abstract = {Orbitz has found that Apple users spend as much as 30\% more a night on hotels, so the online travel site is starting to show them different, and sometimes costlier, options than Windows visitors see.},
	language = {English},
	journal = {The Wall Street Journal},
	author = {Mattioli, Dana},
	month = aug
}

@misc{lindley_care_2015,
	title = {Care {For} a {Robot} ({A} design fiction documentary about caring robots)},
	url = {https://www.youtube.com/watch?v=VKKlnpNueaY},
	language = {English},
	urldate = {2017-11-12},
	author = {Lindley, Joseph and Sharma, Dhruv},
	month = aug,
	year = {2015},
	keywords = {care for the elderly, design fiction, domestic robots, documentary}
}

@misc{salazar_brief_2017,
	type = {Notícias},
	title = {A {BRIEF} {HISTORY} {OF} {BITCOIN} – {AND} {WHERE} {IT}’{S} {GOING} {NEXT}},
	url = {http://dataconomy.com/2017/07/history-of-bitcoin/},
	abstract = {Breve resumo da origem do Bitcoin},
	language = {Inglês},
	journal = {Data Conomy},
	author = {SALAZAR, JUAN},
	month = jul,
	year = {2017}
}

@misc{pedro_brasil_2017,
	type = {Noticias},
	title = {Brasil precisa de lei sobre proteção de dados pessoais, diz {Villas}-{Bôas} {Cueva}.},
	shorttitle = {conjur},
	url = {https://www.conjur.com.br/2017-ago-15/brasil-lei-protecao-dados-pessoais-cueva},
	abstract = {Discussão de uma nova lei no congresso para proteção de dados no âmbito virtual.},
	language = {Português},
	journal = {conjur},
	author = {Pedro, Canário},
	month = aug,
	year = {2017}
}

@misc{noauthor_constituicao_nodate,
	title = {Constituição da {República} {Federativa} do {Brasil} de 1988},
	url = {http://www.planalto.gov.br/ccivil_03/constituicao/constituicaocompilado.htm},
	abstract = {Constituição brasileira}
}

@misc{parker_estonia_2017,
	type = {Notícias},
	title = {Estonia considering ‘estcoin’ {ICO} for e-residents},
	url = {https://bravenewcoin.com/news/estonia-considering-estcoin-ico-for-e-residents/},
	abstract = {O texto relata uma tentativa do governo de lançar uma moeda digital do seu próprio país para aumentar as relações do mercado},
	language = {Inglês},
	journal = {Brave New Coin},
	author = {Parker, Luke},
	month = aug,
	year = {2017}
}

@article{bridi_documentos_2013,
	title = {Documentos revelam esquema de agência dos {EUA} para espionar {Dilma}},
	url = {http://g1.globo.com/fantastico/noticia/2013/09/documentos-revelam-esquema-de-agencia-dos-eua-para-espionar-dilma-rousseff.html},
	language = {pt-br},
	urldate = {2017-11-12},
	journal = {globo.com},
	author = {Bridi, Sônia and Greenwald, Gleen},
	month = sep,
	year = {2013}
}

@misc{althauser_mineracao_2017,
	type = {Notícias},
	title = {Mineração de {Bitcoin} prospera na {Venezuela} graças à hiperinflação e à eletricidade gratuita},
	shorttitle = {08/09/2017},
	url = {https://br.cointelegraph.com/news/bitcoin-mining-thrives-in-venezuela-thanks-to-hyperinflation-and-free-electricity},
	abstract = {Trata sobre uma forma de sobrevivência da população e de certa foma tirar vantagem da situação do país},
	language = {Português},
	journal = {The Cointelegraph},
	author = {Althauser, Joshua},
	month = nov,
	year = {2017}
}

@misc{reuters_facebook_2017,
	title = {Facebook supera estimativa de lucro conforme venda de anúncios cresce},
	url = {http://epocanegocios.globo.com/Empresa/noticia/2017/11/epoca-negocios-facebook-supera-estimativa-de-lucro-conforme-venda-de-anuncios-cresce.html},
	language = {Português},
	journal = {Época Negócios},
	author = {Reuters},
	month = nov,
	year = {2017}
}

@misc{higa_ja_2017,
	title = {Já existem mais de 2 bilhões de usuários no {Facebook}},
	url = {https://tecnoblog.net/217628/facebook-2-bilhoes-usuarios/},
	abstract = {Hoje, 27 de junho de 2017, é um dia histórico para o Facebook: a rede social atingiu a marca de 2 bilhões de usuários ativos mensais.},
	language = {Português},
	journal = {Tecnoblog},
	author = {Higa, Paulo},
	month = jun,
	year = {2017}
}

@misc{zydigital_redes_2017,
	title = {Redes sociais: {Facebook} {Inc} tem as três maiores e {Twitter} está sem crescimento},
	url = {http://zydigital.com.br/radar/redes-sociais-facebook-inc-tem-as-tres-maiores-e-twitter-esta-sem-crescimento/},
	abstract = {O ranking das redes sociais neste primeiro semestre de 2017, em termos de usuários ativos, não apresentou surpresas.
A Facebook Inc., a companhia, é a controladora das três maiores redes sociais: Facebook, WhatsApp e Messenger. É também a controladora do Instagram, a quinta
maior.},
	language = {Português},
	journal = {ZYDigital},
	author = {ZYDigital},
	month = aug,
	year = {2017}
}

@misc{gastim_falta_2015,
	title = {Falta de regulamentação prejudica efeitos práticos do {Marco} {Civil} da {Internet}},
	url = {http://economia.estadao.com.br/noticias/governanca,falta-de-regulamentacao-prejudica-efeitos-praticos-do-marco-civil-da-internet,1625185},
	abstract = {Legislação ‘simplória’, em questões como proteção de dados e neutralidade da rede, pode deixar os usuários da rede desprotegidos, alertam especialistas; governo vai iniciar os debates públicos},
	urldate = {2017-11-12},
	journal = {Estadão},
	author = {Gastim, Ian Chicharo},
	month = jan,
	year = {2015}
}

@misc{wikipedia_a_enciclopedia_livre_marco_2014,
	title = {Marco {Civil} da {Internet}},
	url = {https://pt.wikipedia.org/wiki/Marco_Civil_da_Internet},
	abstract = {O Marco Civil da Internet, oficialmente chamado de Lei N° 12.965/14, é a lei que regula o uso da Internet no Brasil por meio da previsão de princípios, garantias, direitos e deveres para quem usa a rede, bem como da determinação de diretrizes para a atuação do Estado.[3]},
	language = {Português},
	journal = {Wikipedia},
	author = {{Wikipedia a enciclopédia livre}},
	year = {2014}
}

@misc{pereira_medica_2016,
	title = {Médica que ligou zika à microcefalia diz que levou 2 meses para ser ouvida},
	url = {https://noticias.uol.com.br/saude/ultimas-noticias/redacao/2016/02/12/medica-que-relacionou-zika-a-microcefalia-levou-dois-meses-para-ser-ouvida.htm},
	abstract = {A médica demorou para conseguir provaar a relação entre o Zika Vírus e a microcefalia},
	journal = {Uol},
	author = {Pereira, Felipe},
	month = feb,
	year = {2016}
}

@misc{gripa_testamos_2016,
	title = {Testamos o {HoloLens}, os óculos do futuro da {Microsoft}},
	url = {https://olhardigital.com.br/noticia/testamos-o-hololens-os-oculos-do-futuro-da-microsoft/56858},
	abstract = {Descrição e teste do Microsoft HoloLens, dispositivo de Realidade Aumentada da Microsoft. Que custa por volta de US\$3.000,00.},
	urldate = {2017-11-12},
	author = {Gripa, Marcelo},
	month = apr,
	year = {2016}
}

@misc{rose_bem-vindo_2014,
	title = {Bem-vindo à era dos exercícios físicos em realidade virtual},
	url = {http://gizmodo.uol.com.br/exercicios-vr/},
	abstract = {"Dentro do mundo virtual você pode seguir com um treinador virtual e ver suas estatísticas aparecem em tempo real num painel flutuante."},
	urldate = {2017-11-12},
	journal = {Gizmodo},
	author = {Rose, Brent},
	month = dec,
	year = {2014},
	keywords = {realidade aumentada, exercicio fisico, realidade virtual, vr}
}

@misc{mota_nove_2015,
	title = {Nove doenças causadas pelas novas tecnologias},
	url = {http://blogs.ne10.uol.com.br/mundobit/2015/10/06/9-doencas-causadas-pelas-novas-tecnologias/},
	abstract = {O uso de redes sociais e internet em dispositivos móveis já é parte indissociável no cotidiano do trabalho. Mas o uso exagerado tem causado prejuízos à saúde dos usuários, como mostram novas pesquisas médicas. Essas desordens foram causadas por novos hábitos e, por isso, as pesquisas sobre causas e tratamento ainda estão bem no início.},
	urldate = {2017-11-12},
	journal = {UOL},
	author = {Mota, Renato},
	month = oct,
	year = {2015}
}

@misc{uol_distracao_2007,
	title = {Distração no trabalho: saiba quais são os principais motivos},
	url = {https://economia.uol.com.br/planodecarreira/ultnot/infomoney/2007/02/15/ult4229u160.jhtm},
	abstract = {A SEC Talentos Humanos, consultoria de recursos humanos, especializada em secretárias, realizou uma enquete para avaliar o que mais atrapalha a concentração dos funcionários.},
	urldate = {2017-11-12},
	journal = {UOL Economia},
	author = {{UOL}},
	month = feb,
	year = {2007}
}

@misc{muraro_quais_2016,
	title = {Quais contraindicações e indicações para uso de realidade virtual?},
	url = {http://g1.globo.com/tecnologia/noticia/2016/08/quais-contraindicacoes-e-indicacoes-para-uso-de-realidade-virtual.html},
	abstract = {Especialistas explicam o porquê de alguns usuários terem náuseas.
Tecnologia é indicada para tratar de fobias e contra racismo e sexismo.},
	urldate = {2017-11-12},
	journal = {G1 {\textbar} globo},
	author = {Muraro, Cauê},
	month = aug,
	year = {2016}
}

@misc{noauthor_tecnologias_2017,
	title = {Tecnologias da informação e comunicação},
	url = {https://pt.wikipedia.org/wiki/Tecnologias_da_informa%C3%A7%C3%A3o_e_comunica%C3%A7%C3%A3o},
	abstract = {Entende-se que TIC consistem de todos os meios técnicos usados para tratar a informação e auxiliar na comunicação, o que inclui o hardware de computadores, rede, telemóveis, bem como todo software necessário.},
	urldate = {2017-11-12},
	journal = {Wikipédia, a enciclopédia livre},
	publisher = {Wikipédia},
	month = oct,
	year = {2017}
}

@misc{google_google_2017,
	title = {Google {Wallet}},
	url = {https://www.google.com/wallet/},
	language = {english},
	journal = {Google Wallet},
	author = {Google},
	month = nov,
	year = {2017},
	note = {Para quem gostaria de aprender mais sobre os socila netbanks.},
	keywords = {netbanks, Google, capital}
}

@misc{volpi_o_2003,
	title = {O novo {Código} {Civil} e a responsabilidade civil do profissional de {TI}},
	url = {https://www.conjur.com.br/2003-abr-22/codigo_civil_responsabilidade_desenvolvedor},
	language = {pt-br},
	urldate = {2017-11-12},
	journal = {Consultor Jurídico},
	author = {Volpi, Marlon Marcelo},
	month = apr,
	year = {2003}
}

@misc{hanif_sipai_top_2015,
	type = {Blog},
	title = {Top {Digital} {Marketing} {Trends} {That} {Will} {Dominate} 2016},
	url = {https://medium.com/@hanifsipai/top-digital-marketing-trends-that-will-dominate-2016-infographic-3b180db4cd36},
	language = {English},
	journal = {Medium},
	author = {{Hanif Sipai}},
	year = {2015}
}

@book{jake_knapp_sprint_2017,
	edition = {1},
	title = {Sprint},
	volume = {1},
	language = {Portuguese},
	publisher = {Intrinseca},
	author = {Jake Knapp, John Zeratsky and {Braden Kowitz}},
	year = {2017}
}

@misc{a_enciclopedia_livre_log_2017,
	title = {Log de {Dados}},
	url = {https://pt.m.wikipedia.org/wiki/Log_de_dados},
	abstract = {Em computação, log de dados é uma expressão utilizada para descrever o processo de registro de eventos relevantes num sistema computacional. Esse registro pode ser utilizado para restabelecer o estado original de um sistema ou para que um administrador conheça o seu comportamento no passado. Um arquivo de log pode ser utilizado para auditoria e diagnóstico de problemas em sistemas computacionais.},
	journal = {Wikipedia},
	author = {a enciclopédia livre, Wikipedia},
	year = {2017}
}

@misc{a_enciclopedia_livre_conselho_nodate,
	title = {Conselho de classe profissional},
	url = {https://pt.wikipedia.org/wiki/Conselho_de_classe_profissional},
	abstract = {O conselho de classe profissional são conselhos formados por profissionais de cada profissão, com diretorias democraticamente eleitas pelos seus associados que representam os interesses de sua profissão. Sua principal atribuição é a de registrar, fiscalizar e disciplinar as profissões regulamentadas. Elas são considerados "autarquia especial ou corporativa".},
	language = {Português},
	journal = {Wikipedia},
	author = {a enciclopédia livre, Wikipedia}
}

@misc{presidente_da_republica_lei_2014,
	title = {{LEI} {Nº} 12.965, {DE} 23 {DE} {ABRIL} {DE} 2014.},
	shorttitle = {Marco {Civil} da {Internet}},
	url = {http://www.planalto.gov.br/ccivil_03/_ato2011-2014/2014/lei/l12965.htm},
	abstract = {Estabelece princípios, garantias, direitos e deveres para o uso da Internet no Brasil.},
	language = {Português},
	journal = {Planalto},
	author = {Presidente da República},
	month = apr,
	year = {2014},
	keywords = {Marcocivil}
}

@misc{robin_sinha_buying_2017,
	type = {Blog},
	title = {Buying a smartphone: 10 things to consider},
	url = {https://www.gadgetsnow.com/slideshows/buying-a-smartphone-10-things-to-consider/display/photolist/55243437.cms},
	language = {English},
	journal = {Gadgets Now},
	author = {{Robin Sinha}},
	year = {2017}
}

@misc{presidente_da_republica_decreto_2016,
	title = {{DECRETO} {Nº} 8.771, {DE} 11 {DE} {MAIO} {DE} 2016},
	url = {http://www.planalto.gov.br/ccivil_03/_ato2015-2018/2016/decreto/D8771.htm},
	abstract = {Regulamenta a Lei no 12.965, de 23 de abril de 2014, para tratar das hipóteses admitidas de discriminação de pacotes de dados na internet e de degradação de tráfego, indicar procedimentos para guarda e proteção de dados por provedores de conexão e de aplicações, apontar medidas de transparência na requisição de dados cadastrais pela administração pública e estabelecer parâmetros para fiscalização e apuração de infrações.},
	language = {Português},
	journal = {Planalto},
	author = {Presidente da República},
	year = {2016}
}

@misc{the_apache_software_foundation_apache_2017,
	title = {The {Apache} {Software} {Foundation}},
	url = {http://www.apache.org/},
	abstract = {Established in 1999, the ASF is a US 501(c)(3) charitable organization, funded by individual donations and corporate sponsors. Our all-volunteer board oversees more than 350 leading Open Source projects, including Apache HTTP Server -- the world's most popular Web server software.

The ASF provides an established framework for intellectual property and financial contributions that simultaneously limits potential legal exposure for our project committers. Through the ASF's meritocratic process known as "The Apache Way," more than 620 individual Members and 5,500 Committers successfully collaborate to develop freely available enterprise-grade software, benefiting millions of users worldwide: thousands of software solutions are distributed under the Apache License; and the community actively participates in ASF mailing lists, mentoring initiatives, and ApacheCon, the Foundation's official user conference, trainings, and expo.},
	language = {Inglês},
	journal = {The Apache Software Foundation},
	author = {The Apache Software Foundation},
	year = {2017}
}

@misc{white_revealed:_2014,
	title = {Revealed: {UK} and {US} spied on text messages of {Brits}},
	url = {https://www.channel4.com/news/intercept-text-messages-spy-nsa-gchq-british-phone},
	language = {Inglês},
	urldate = {2017-11-12},
	journal = {Channel 4 News},
	author = {White, Geoff},
	month = jan,
	year = {2014}
}

@misc{hekima_big_2017-1,
	title = {Big {Data} {Analytics}: você sabe o que é?},
	shorttitle = {Big {Data} {Analytics}},
	url = {http://www.bigdatabusiness.com.br/voce-sabe-o-que-e-big-data-analytics/},
	abstract = {Neste artigo, explicamos para você o que é Big Data Analytics e como esta tecnologia pode ajudar o seu negócio, independentemente do segmento de atuação.},
	urldate = {2017-11-12},
	journal = {Big Data Business},
	author = {{Hekima}},
	month = jan,
	year = {2017}
}

@misc{the_guardian_nsa_2013,
	type = {journal},
	title = {{NSA} {FILES}: {DECODED}},
	url = {https://www.theguardian.com/world/interactive/2013/nov/01/snowden-nsa-files-surveillance-revelations-decoded#section/1},
	journal = {The Guardian},
	author = {The Guardian},
	month = nov,
	year = {2013}
}

@article{eric_langlais_criminals_2006,
	title = {Criminals and risk attitude},
	url = {https://mpra.ub.uni-muenchen.de/1149/1/MPRA_paper_1149.pdf},
	abstract = {We show that whatever the representation of criminals' preferences under risk, the assumption according to which they are strongly risk averse individuals is not consistent with the available observations establishing that criminals are more sensitive to shifts in the probability of sanction than to changes in the level of the sanction. We suggest that: 1) while a weakening of the risk aversion assumption may be useful, the risk seeking assumption may be better suited for criminals; 2) the relevant assumption regarding criminals' risk attitude may depend on the policy instruments that models of crime deterrence take into account; 3) additional experiments including both monetary and non monetary sanction would be useful in order to learn more about their sensitivity to probability, monetary and non monetary sanctions.},
	number = {No. 1149},
	journal = {MPRA Paper},
	author = {Eric Langlais},
	month = dec,
	year = {2006}
}

@misc{noauthor_chicken_2017,
	type = {Wiki},
	title = {Chicken - {HearthStone} {Wiki}},
	shorttitle = {Chicken - {HearthStone} {Wiki}},
	url = {https://hearthstone.gamepedia.com/Chicken - HearthStone Wiki},
	language = {English},
	journal = {Chicken - HearthStone Wiki},
	month = apr,
	year = {2017},
	keywords = {Chicken, HearthStone}
}

@article{bastos_geracao_nodate-1,
	title = {Geração {Z} – uma (nova) relação com o consumo},
	url = {https://www.zotero.org/groups/1851488/infosoc20172/items/itemKey/9N4E932T},
	author = {Bastos, Letícia}
}

@misc{sebrae_conhecleis_2015,
	title = {Conheça leis ligadas à avicultura},
	shorttitle = {Conheça leis ligadas à avicultura},
	url = {https://www.sebrae.com.br/sites/PortalSebrae/artigos/conheca-leis-ligadas-a-avicultura,5e19fa2da4c72410VgnVCM100000b272010aRCRD},
	abstract = {Leis acerca do abate de animais de açougue},
	language = {Portugues},
	journal = {Conheça leis ligadas à avicultura},
	author = {Sebrae},
	month = dec,
	year = {2015},
	keywords = {Avicultura, normas técnicas}
}

@misc{brasil_decreto_2005,
	title = {Decreto 5.622, de 19 de {Dezembro} de 2005},
	author = {Brasil, Poder Executivo},
	month = dec,
	year = {2005},
	pages = {10}
}

@misc{mojang_galinha_2017,
	type = {Jogos},
	title = {Galinha - {Minecraft} {Wiki}},
	shorttitle = {Galinha - {Minecraft} {Wiki}},
	url = {https://minecraft-br.gamepedia.com/Galinha},
	abstract = {Informações sobre Galinha do Minecraft},
	language = {Portugues},
	journal = {Galinha - Minecraft Wiki},
	author = {Mojang},
	month = jul,
	year = {2017},
	keywords = {Chicken, Frango, Minecraft}
}

@article{daniel_making_2012,
	title = {Making {Sense} of {MOOCs}: {Musings} in a {Maze} of {Myth}, {Paradox} and {Possibility}},
	volume = {2012},
	doi = {http://doi.org/10.5334/2012-18},
	abstract = {MOOCs (Massive Open Online Courses) are the educational buzzword of 2012. Media frenzy surrounds them and commercial interests have moved in. Sober analysis is overwhelmed by apocalyptic predictions that ignore the history of earlier educational technology fads. The paper describes the short history of MOOCs and sets them in the wider context of the evolution of educational technology and open/distance learning. While the hype about MOOCs presaging a revolution in higher education has focussed on their scale, the real revolution is that universities with scarcity at the heart of their business models are embracing openness. We explore the paradoxes that permeate the MOOCs movement and explode some myths enlisted in its support. The competition inherent in the gadarene rush to offer MOOCs will create a sea change by obliging participating institutions to revisit their missions and focus on teaching quality and students as never before. It could also create a welcome deflationary trend in the costs of higher education.},
	number = {3},
	journal = {Journal of interactive Media in education},
	author = {Daniel, John},
	year = {2012}
}

@article{greitemeyer_effects_2010,
	title = {Effects of prosocial video games on prosocial behavior.},
	volume = {98},
	issn = {1939-1315(Electronic),0022-3514(Print)},
	doi = {10.1037/a0016997},
	abstract = {Previous research has documented that playing violent video games has various negative effects on social behavior in that it causes an increase in aggressive behavior and a decrease in prosocial behavior. In contrast, there has been much less evidence on the effects of prosocial video games. In the present research, 4 experiments examined the hypothesis that playing a prosocial (relative to a neutral) video game increases helping behavior. In fact, participants who had played a prosocial video game were more likely to help after a mishap, were more willing (and devoted more time) to assist in further experiments, and intervened more often in a harassment situation. Results further showed that exposure to prosocial video games activated the accessibility of prosocial thoughts, which in turn promoted prosocial behavior. Thus, depending on the content of the video game, playing video games not only has negative effects on social behavior but has positive effects as well. (PsycINFO Database Record (c) 2016 APA, all rights reserved)},
	number = {2},
	journal = {Journal of Personality and Social Psychology},
	author = {Greitemeyer, Tobias and Osswald, Silvia},
	year = {2010},
	keywords = {*Assistance (Social Behavior), *Computer Games, Prosocial Behavior},
	pages = {211--221}
}

@article{calixto_as_2011,
	title = {As {TICs} na formação de professores: exclusão ou inclusão docente?},
	url = {http://www.recantodasletras.com.br/artigos-de-educacao/2742079},
	journal = {Recanto das Letras},
	author = {Calixto, Clebiana Dantas and Calixto, Clediana Dantas and Santos, Jane Cleide Cardozo dos},
	year = {2011}
}

@misc{ibm_big_nodate,
	title = {Big {Data} - {Estatísticas}},
	url = {https://i.pinimg.com/736x/eb/05/32/eb0532c2d80c74bb9e5db7ad02197031--data-data-big-data.jpg},
	urldate = {2017-11-12},
	author = {{IBM}}
}

@misc{richter_facebook_2017,
	title = {Facebook {Inc}. {Dominates} the {Social} {Media} {Landscape}},
	url = {https://www.statista.com/chart/5194/active-users-of-social-networks-and-messaging-services/},
	journal = {Satista},
	author = {Richter, Felix},
	month = jul,
	year = {2017}
}

@misc{kurtz_facebook_2017,
	title = {Facebook domina ranking de redes sociais mais usadas no mundo},
	url = {https://www.techtudo.com.br/noticias/2017/07/facebook-domina-ranking-de-redes-sociais-mais-usadas-no-mundo.ghtml},
	journal = {TechTudo},
	author = {Kurtz, João},
	month = jul,
	year = {2017}
}

@misc{imanuel_big_2015,
	title = {Big data {Analytics} and {Predictive} {Analytics} - {Editor} {Review}, {User} {Reviews}, {Features}, {Pricing} and {Comparison} in 2017},
	url = {https://www.predictiveanalyticstoday.com/big-data-analytics-and-predictive-analytics/},
	abstract = {Big data Analytics and Predictive Analytics: Big data analytics, technology and drivers and overview of Predictive Analytics with examples and business benefits. Big data, every day we create 2.5 quintillion bytes of data .},
	urldate = {2017-11-13},
	journal = {Predictive Analytics Today},
	author = {{Imanuel}},
	month = sep,
	year = {2015}
}

@misc{rafaela_crimes_2015,
	type = {Noticias},
	title = {Crimes cometidos no meio virtual},
	shorttitle = {Oficina da {Net}},
	url = {https://www.oficinadanet.com.br/post/14450-quais-os-crimes-virtuais-mais-comuns},
	abstract = {Cita todos os crimes que são cometidos diariamente no meio virtual, e que muitas vezes passam despercebidos pelos usuários},
	language = {Português},
	journal = {Quais são os crimes virtuais mais comuns?},
	author = {Rafaela, Pozzebom},
	month = apr,
	year = {2015}
}

@article{zwitter_big_2014,
	title = {Big {Data} {Ethics}},
	url = {https://ssrn.com/abstract=2553758},
	doi = {10.1177/2053951714559253},
	abstract = {The speed of development in Big Data and associated phenomena, such as social media, has surpassed the capacity of the average consumer to understand his or her actions and their knock-on effects. We are moving towards changes in how ethics has to be perceived: away from individual decisions with specific and knowable outcomes, towards actions by many unaware that they may have taken actions with unintended consequences for anyone. Responses will require a rethinking of ethical choices, the lack thereof and how this will guide scientists, governments, and corporate agencies in handling Big Data. This essay elaborates on the ways Big Data impacts on ethical conceptions.},
	journal = {Big Data \& Society 2014},
	author = {Zwitter, Andrej J.},
	month = nov,
	year = {2014},
	pages = {8}
}

@misc{noauthor_lei_1996,
	title = {{LEI} {Nº} 9.296, {DE} 24 {DE} {JULHO} {DE} 1996.},
	url = {http://www.planalto.gov.br/ccivil_03/leis/L9296.htm},
	abstract = {Regulamenta o inciso XII, parte final, do art. 5° da Constituição Federal.},
	publisher = {Subchefia para Assuntos Jurídicos},
	month = jul,
	year = {1996}
}

@misc{remerowisk_inside_2010,
	type = {Documentário},
	title = {Inside {Google}},
	shorttitle = {Inside {Google}},
	url = {https://www.youtube.com/watch?v=uyhEXwDJ7M4},
	author = {Remerowisk, Ted},
	year = {2010},
	note = {Ficha técnica obtida em: https://filmow.com/o-jeito-google-de-trabalhar-t41412/ficha-tecnica/
acessado em 16 de novembro às 22h20}
}

@misc{barwinski_historia_nodate,
	title = {História da {Google}},
	url = {https://www.tecmundo.com.br/youtube/2295-historia-do-google.htm},
	author = {Barwinski, Luisa}
}

@misc{page_g_nodate,
	title = {G is for {Google}},
	url = {https://abc.xyz/},
	abstract = {Carta sobre o início do grupo comercial Alhabet Inc. que inclui a Google Inc. e outras iniciativas que antes eram concentradas na companhia Google.},
	author = {Page, Larry}
}

@article{noauthor_empresas_nodate,
	address = {G1},
	title = {Empresas de tecnologia dominam o ranking das mais valiosas do mundo},
	url = {https://g1.globo.com/economia/midia-e-marketing/noticia/empresas-de-tecnologia-dominam-ranking-de-marcas-mais-valiosas.ghtml},
	journal = {25 de setembro de 2017}
}

@article{noauthor_uniao_nodate,
	address = {G1},
	title = {União {Europeia} impõe multa ao {Google} de € 2,4 bilhões por abuso de poder econômico},
	url = {https://g1.globo.com/tecnologia/noticia/uniao-europeia-impoe-multa-de-24-milhoes-por-abuso-de-dominio.ghtml},
	journal = {27 de junho de 2017}
}

@article{noauthor_campanha_nodate,
	address = {Correio Braziliense},
	title = {Campanha na internet terá papel central na próxima disputa presidencial},
	url = {http://www.correiobraziliense.com.br/app/noticia/politica/2017/10/15/internas_polbraeco,633670/campanha-na-internet-tera-papel-central-na-proxima-disputa-presidencia.shtml},
	journal = {15 de outubro de 2017}
}

@article{mota_robos_nodate,
	address = {BBC},
	title = {Robôs e 'big data': as armas do marketing político para as eleições de 2018},
	url = {https://www.bbc.com/portuguese/amp/brasil-41328015},
	journal = {26 de setembro de 2017},
	author = {Mota, Camila Veras}
}

@misc{ciriaco_google_2013,
	type = {Site sobre tecnologia},
	title = {Google [x]: o misterioso laboratório da {Google}},
	url = {https://www.tecmundo.com.br/google/40725-google-x-o-misterioso-laboratorio-da-google.htm},
	journal = {TechMundo},
	author = {Ciriaco, Douglas},
	month = jun,
	year = {2013}
}

@article{noauthor_google_nodate,
	address = {Folha de São Paulo},
	title = {Google e {Facebook} têm 20\% da publicidade global, diz consultoria},
	url = {http://www1.folha.uol.com.br/mercado/2017/05/1880881-google-e-facebook-tem-20-da-publicidade-global-diz-consultoria.shtml},
	journal = {4 de maio de 2017}
}

@misc{noauthor_sobre_nodate,
	title = {Sobre a {Google}},
	url = {https://www.google.com.br/about/},
	journal = {Google},
	note = {A página com conteúdo "sobre nós" da google, entre outras informações, possui uma parte que pode ser visto em tempo real o que está sendo pesquisado no site de busca ao redor do mundo.}
}

@misc{ansine_ethical_2011,
	title = {Ethical dilemmas presentation},
	url = {https://www.slideshare.net/mansine/ethical-dilemmas-presentation},
	urldate = {2017-11-21},
	author = {Ansine, Pauline},
	year = {2011}
}

@incollection{olli_virtual_nodate,
	title = {Virtual to {Virtuous} {Money}: {A} {Virtue} {Ethics} {Perspective} on {Video} {Game} {Business} {Logic}.},
	booktitle = {Journal of {Business} {Ethics}},
	author = {Olli, Heimo I.}
}

@incollection{olli_virtual_nodate-1,
	title = {Virtual to {Virtuous} {Money}: {A} {Virtue} {Ethics} {Perspective} on {Video} {Game} {Business} {Logic}},
	booktitle = {Journal of {Business} {Ethics}},
	author = {Olli, Heimo I.}
}

@incollection{hamari_why_2017,
	title = {Why do people buy virtual goods: {A} meta-analysis. {Computers} in {Human} {Behavior}},
	booktitle = {Why do people buy virtual goods},
	author = {Hamari, Juho and Keronen, Lauri},
	year = {2017}
}

@book{lee_designing_2013,
	title = {Designing freemium: a model of consumer usage, upgrade, and referral dynamics},
	author = {Lee, Clarence and Kumar, Vineet},
	year = {2013}
}

@book{osterwalder_business_2010,
	title = {Business model generation: a handbook for visionaries, game changers, and challengers},
	publisher = {John Willey},
	author = {Osterwalder, Alexander and Pigneur, Yves},
	year = {2010}
}

@misc{tempo_opiniao_nodate,
	title = {Opinião sobre {Vícios}},
	url = {http://www.otempo.com.br/opini%C3%A3o/super-f%C3%A9/os-v%C3%ADcios-e-suas-consequ%C3%AAncias-1.917506},
	language = {Portuguese},
	journal = {O Tempo},
	author = {Tempo, O}
}

@misc{valores_valores_nodate,
	title = {Valores Éticos},
	url = {http://www.oqueeetica.com/valores-eticos-conceito/},
	language = {Portuguese},
	journal = {O que é ética},
	author = {Valores, Éticos}
}

@misc{saga_principais_nodate,
	title = {Principais profissões na área de jogos.},
	url = {https://saga.art.br/as-7-principais-profissoes-na-area-de-games/},
	journal = {Saga Blog},
	author = {Saga, Blog}
}

@misc{jeronimo_o_nodate,
	title = {O que é competição},
	url = {http://www.jeronimomendes.com.br/o-que-e-competicao/},
	journal = {Jeronimo Mendes},
	author = {Jeronimo, Mendes}
}

@article{satoshi_nakamoto_bitcoin:_2009-1,
	title = {Bitcoin: {A} {Peer}-to-{Peer} {Electronic} {Cash} {System}},
	url = {https://bitcoin.org/bitcoin.pdf},
	urldate = {2017-11-08},
	author = {{Satoshi Nakamoto}},
	year = {2009}
}

@article{wilson_freemium_2006,
	title = {The {Freemium} {Business} {Model}},
	volume = {23},
	journal = {A VC Blog, March},
	author = {Wilson, Fred},
	year = {2006}
}

@article{perasso_o_2016,
	title = {O que é a 4ª revolução industrial - e como ela deve afetar nossas vidas},
	url = {http://www.bbc.com/portuguese/geral-37658309},
	journal = {BBC},
	author = {Perasso, Valeria},
	month = oct,
	year = {2016}
}

@article{lima_vem_2017,
	address = {Estadão},
	title = {Vem aí a quarta revolução industrial},
	url = {http://economia.estadao.com.br/noticias/geral,vem-ai-a-quarta-revolucao-industrial,70001703292},
	author = {Lima, Mariana},
	month = mar,
	year = {2017}
}

@misc{noauthor_brown_2011,
	title = {{BROWN}, {GOVERNOR} {OF} {CALIFORNIA}, {ET} {AL}. v. {ENTERTAINMENT} {MERCHANTS} {ASSOCIATION} {ET} {AL}.},
	url = {https://www.supremecourt.gov/opinions/10pdf/08-1448.pdf},
	abstract = {Respondents, representing the video-game and software industries,
filed a preenforcement challenge to a California law that restricts the
sale or rental of violent video games to minors. The Federal District
Court concluded that the Act violated the First Amendment and
permanently enjoined its enforcement. The Ninth Circuit affirmed},
	language = {English},
	urldate = {2017-11-24},
	month = jun,
	year = {2011}
}

@article{chalk_witcher_2011,
	title = {The {Witcher} 2 {Sexed} {Down} for {Australia}},
	url = {http://www.escapistmagazine.com/news/view/109795-The-Witcher-2-Sexed-Down-for-Australia},
	abstract = {The Australian version of The Witcher 2 will have a couple of "small changes" made in order to squeeze it into the country's MA15+ videogame rating.},
	language = {English},
	urldate = {2017-11-24},
	journal = {The Escapist},
	author = {Chalk, Andy},
	month = may,
	year = {2011}
}

@article{dudley-nicholson_new_2013,
	address = {news.com.au},
	edition = {June 25, 2013},
	title = {New {Saints} {Row} video game banned from classification},
	url = {http://www.news.com.au/technology/new-saints-row-video-game-banned-from-classification/news-story/15b7f0f55282ebed313921cce80c8919},
	language = {English},
	urldate = {2017-11-24},
	journal = {News Corp Australia Network},
	author = {Dudley-Nicholson, Jennifer},
	month = jun,
	year = {2013}
}

@misc{cardiogram_inc._about_2017,
	title = {About {Cardiogram}},
	url = {https://cardiogr.am/about/},
	journal = {cardiogram},
	author = {{Cardiogram Inc.}},
	year = {2017}
}

@misc{apple_inc._location_2016,
	type = {Guide},
	title = {Location and {Maps} {Programming} {Guide}},
	url = {https://developer.apple.com/library/content/documentation/UserExperience/Conceptual/LocationAwarenessPG/CoreLocation/CoreLocation.html},
	language = {English},
	journal = {Location and Maps Programming Guide},
	author = {{Apple Inc.}},
	year = {2016}
}

@misc{mai_global_2012,
	title = {Global {Positioning} {System} {History}},
	url = {https://www.nasa.gov/directorates/heo/scan/communications/policy/GPS_History.html},
	language = {English},
	journal = {NASA},
	author = {Mai, Thuy},
	month = oct,
	year = {2012}
}

@article{fromholz_european_2000,
	title = {The {European} {Union} {Data} {Privacy} {Directive}},
	volume = {15},
	url = {http://scholarship.law.berkeley.edu/btlj/vol15/iss1/23/},
	doi = {https://doi.org/10.15779/Z383D48},
	abstract = {The EU's aggressive regulation of the use of personal data originating
in its fifteen member countries is embodied in its Directive on the Privacy of Personal Data 95/46/EC ("the Directive"), which took effect on October 25, 1998. The Directive embodies the principle that privacy is a fundamental human right. It also serves the purpose of equalizing the level of data privacy protection guaranteed in each EU member country so as to decrease transaction costs for entities that operate across national borders.},
	journal = {Berkeley Tech. L.J.},
	author = {Fromholz, Julia M.},
	year = {2000},
	pages = {25}
}

@misc{hernaes_ethics_2016,
	type = {News},
	title = {The {Ethics} of {Transhumanism}},
	url = {https://techcrunch.com/2016/08/26/the-ethics-of-transhumanism/},
	language = {English},
	urldate = {2017-11-28},
	journal = {TechCrunch},
	author = {Hernæs, Christoffer O.},
	year = {2016},
	keywords = {transhumanism}
}

@book{smith_wealth_1776,
	title = {The {Wealth} of {Nations}},
	volume = {5},
	author = {Smith, Adam},
	year = {1776},
	keywords = {economics}
}

@book{haldane_daedalus;_1924,
	title = {Daedalus; or, {Science} and the {Future}},
	language = {English},
	author = {Haldane, J. B. S.},
	year = {1924}
}

@inproceedings{lindley_pragmatics_2015,
	title = {A pragmatics framework for design fiction},
	abstract = {Design fiction, is often defined as the “deliberate use of diegetic prototypes to
suspend disbelief about change” (Sterling 2012). Practically speaking design
fictions can be seen as “a conflation of design, science fact, and science fiction”
(Bleecker 2009, p. 6) where fiction is employed as a medium “not to show how
things will be but to open up a space for discussion” (Dunne \& Raby 2013, p.51).
The concept has gained traction in recent years, with a marked increase in
published research on both the meta-theory of the practice itself and also
studies of using it in a variety of contexts.
However, the field is in a formative period. Hales talks about the term 'design
fiction as being “enticing and provocative, yet it still remains elusive” (2013,
p.1) whereas Markussen \& Knutz sum up this epoch in the history of design
fiction by saying “It is obvious from the growing literature that design fiction is
open to several different interpretations, ideologies and aims.” (2013, p.231) It
seems, therefore, that design fiction currently occupies a liminal space between
the excitement of possibility and the challenges of divergence.
In this paper I will highlight sites of ambiguity and describe the disparate nature
of design fiction theory and practice in order to illuminate the inherent
complexities. Alongside I suggest elements of a ‘pragmatics framework’ for
design fiction in order to strengthen foundations by facilitating a reduction in
ambiguity, whilst being careful not to over specify and therefore constrain the
ability to grow and adapt.},
	booktitle = {Proceedings of the {European} {Academy} of {Design} {Conference}},
	author = {Lindley, J.},
	year = {2015},
	keywords = {Design Fiction}
}

@article{hales_design_2013,
	title = {Design fictions an introduction and provisional taxonomy},
	volume = {24},
	abstract = {This essay introduces the special issue of Digital Creativity on Design Fictions. It is an attempt to grapple with the notion of Design Fictions and considers this a ‘speculative turn’ within contemporary design practice. It presents Design Fictions as a cluster of problems, rather than offering a single definition of Design Fictions it outlines their ‘multidimensionality’ to suggests that Design Fictions create a discursive space within which new forms of cultural artefact (futures) might emerge.},
	journal = {Digital Creativity},
	author = {Hales, D.},
	year = {2013},
	keywords = {Design Fiction, imaginary media},
	pages = {1--10}
}

@article{auger_speculative_2013,
	title = {Speculative design: crafting the speculation},
	volume = {24},
	abstract = {The article positions the author’s work as speculative
design but—like the term design fictions—is open to
several interpretations. How is the fictional character
of such work conceptualised and produced? What
kinds of speculation are involved? The article considers
the value of one particular approach and argues that
speculative design serves two distinct purposes: first,
to enable us to think about the future; second, to critique
current practice. Methods are described through case
studies, either of the author’s own projects or projects
completed by graduates of the design interactions course at the Royal College of Art. A key concept is the ‘perceptual bridge’—the means by which designs engage their audience. The article argues that a vital factor in the success of a Speculative Design proposal is the careful management of the speculation, specifically what informs the use of technology, aesthetics, behaviour, interaction and function of the designed artefact.},
	journal = {Digital Creativity},
	author = {Auger, J.},
	year = {2013},
	keywords = {Design Fiction, Evolution of Technology, Speculative Design},
	pages = {11--35}
}

@article{kirby_future_2010,
	title = {The {Future} is {Now}: {Diegetic} {Prototypes} and the {Role} of {Popular} {Films} in {Generating} {Real}-world {Technological} {Development}},
	volume = {40},
	abstract = {Scholarship in the history and sociology of technology has convincinglydemonstrated that technological development is not inevitable, pre-destined orlinear. In this paper I show how the creators of popular films including scienceconsultants construct cinematic representations of technological possibilities as ameans by which to overcome these obstacles and stimulate a desire in audiences tosee potential technologies become realities. This paper focuses specifically on theproduction process in order to show how entertainment producers constructcinematic scenarios with an eye towards generating real-world funding opportunitiesand the ability to construct real-life prototypes. I introduce the term ‘diegeticprototypes’ to account for the ways in which cinematic depictions of futuretechnologies demonstrate to large public audiences a technology’s need, viability andbenevolence. Entertainment producers create diegetic prototypes by influencingdialogue, plot rationalizations, character interactions and narrative structure. Thesetechnologies only exist in the fictional world – what film scholars call the diegesis –but they exist as fully functioning objects in that world. The essay builds uponprevious work on the notion of prototypes as ‘performative artefacts’. Theperformative aspects of prototypes are especially evident in diegetic prototypesbecause a film’s narrative structure contextualizes technologies within the socialsphere. Technological objects in cinema are at once both completely artificial – allaspects of their depiction are controlled in production – and normalized within thetext as practical objects that function properly and which people actually use aseveryday objects.},
	language = {English},
	journal = {Social Studies of Science},
	author = {Kirby, D.},
	year = {2010},
	keywords = {Diegetic Prototype, Entertainment},
	pages = {41--70}
}

@misc{bradshaw_facebook_2012,
	type = {Notícias},
	title = {Facebook ends facial recognition in {Europe}},
	url = {https://www.ft.com/content/fa9c4af8-03fc-11e2-b91b-00144feabdc0},
	language = {Inglês},
	journal = {Financial Times},
	author = {Bradshaw, Tim},
	month = sep,
	year = {2012},
	keywords = {facial\_rec\_europa}
}

@misc{noauthor_log_nodate,
	title = {Log de dados – {Wikipédia}, a enciclopédia livre},
	url = {https://pt.m.wikipedia.org/wiki/Log_de_dados},
	urldate = {2017-11-29}
}

@misc{noauthor_conselho_2017,
	title = {Conselho de classe profissional},
	copyright = {Creative Commons Attribution-ShareAlike License},
	url = {https://pt.wikipedia.org/w/index.php?title=Conselho_de_classe_profissional&oldid=49925997},
	abstract = {O conselho de classe profissional são conselhos formados por profissionais de cada profissão, com diretorias democraticamente eleitas pelos seus associados que representam os interesses de sua profissão. Sua principal atribuição é a de registrar, fiscalizar e disciplinar as profissões regulamentadas. Elas são considerados "autarquia especial ou corporativa".},
	language = {pt},
	urldate = {2017-11-29},
	journal = {Wikipédia, a enciclopédia livre},
	month = sep,
	year = {2017},
	note = {Page Version ID: 49925997},
	keywords = {wiki\_conselhoclasse}
}

@misc{illinois_general_assembly_biometric_2018,
	type = {Governo},
	title = {Biometric {Information} {Privacy} {Act} (740 {ILCS} 14/).},
	url = {http://www.ilga.gov/legislation/ilcs/ilcs3.asp?ActID=3004&ChapterID=57},
	abstract = {CIVIL LIABILITIES},
	language = {Inglês},
	journal = {Illinois General Assembly Web Page},
	author = {Illinois General Assembly},
	month = mar,
	year = {2018},
	keywords = {lei\_de\_illinois}
}

@misc{lexis_legal_news_illinois_2016,
	type = {Notícias},
	title = {Illinois {Biometrics} {Suit} {Against} {Facebook} {Dismissed} {For} {Lack} {Of} {Jurisdiction}},
	url = {https://www.lexislegalnews.com/articles/5428/illinois-biometrics-suit-against-facebook-dismissed-for-lack-of-jurisdiction},
	abstract = {Mealey's (January 22, 2016, 2:18 PM EST) -- CHICAGO — An Illinois resident’s putative class action over the purported collection of biometrics information by Facebook Inc. in violation of that state’s law was dismissed Jan. 21 by an Illinois federal judge, who found that the plaintiff failed to establish jurisdiction over the California-based social network operator (Frederick William Gullen v. Facebook Inc., No. 1:15-cv-07681, N.D. Ill.; 2016 U.S. Dist. LEXIS 6958).},
	language = {Inglês},
	journal = {Lexis Legal News},
	author = {Lexis Legal News},
	month = jan,
	year = {2016},
	keywords = {lei\_contra\_FB}
}

@misc{woollaston_facebook_2015,
	type = {Notícias},
	title = {Facebook soon tag photos {AUTOMATICALLY} {Social} network starts rolling {DeepFace} feature.html},
	url = {http://www.dailymail.co.uk/sciencetech/article-2946186/Facebook-soon-tag-photos-AUTOMATICALLY-Social-network-starts-rolling-DeepFace-feature.html},
	language = {Inglês},
	journal = {Daily Mail Online},
	author = {Woollaston, Victoria},
	month = feb,
	year = {2015},
	keywords = {FB\_tag\_photos\_auto}
}

@misc{bbc_facebook_2012,
	type = {Notícias},
	title = {Facebook buys {Israeli} facial recognition firm {Face}.com},
	url = {http://www.bbc.com/news/technology-18506255},
	abstract = {Social networking giant Facebook has decided to buy an Israeli startup specialising in facial recognition technology - Face.com.},
	language = {Inglês},
	journal = {BBC News},
	author = {BBC},
	month = jun,
	year = {2012},
	keywords = {FB\_compra\_face.com}
}

@inproceedings{taigman_deepface:_2014,
	address = {Columbus, Ohio, EUA},
	title = {{DeepFace}: {Closing} the {Gap} to {Human}-{Level} {Performance} in {Face} {Verification}},
	url = {https://www.cs.toronto.edu/~ranzato/publications/taigman_cvpr14.pdf},
	doi = {10.1109/CVPR.2014.220},
	abstract = {In modern face recognition, the conventional pipeline
consists of four stages: detect)align)represent)classify.
We revisit both the alignment step and the representation
step by employing explicit 3D face modeling in order to
apply a piecewise affine transformation, and derive a face
representation from a nine-layer deep neural network. This
deep network involves more than 120 million parameters
using several locally connected layers without weight sharing,
rather than the standard convolutional layers. Thus
we trained it on the largest facial dataset to-date, an identity
labeled dataset of four million facial images belonging
to more than 4,000 identities. The learned representations
coupling the accurate model-based alignment with the
large facial database generalize remarkably well to faces in
unconstrained environments, even with a simple classifier.
Our method reaches an accuracy of 97.35\% on the Labeled
Faces in the Wild (LFW) dataset, reducing the error of the
current state of the art by more than 27\%, closely approaching
human-level performance.},
	language = {Inglês},
	publisher = {Computer Vision Foundation - CVF},
	author = {Taigman, Yaniv and Yang, Ming and Ranzato, Marc'Aurelio and Wolf, Lior},
	year = {2014},
	keywords = {DeepFace},
	pages = {1701--1708}
}

@article{goncalves_escola_2008,
	title = {Escola, adolescência e construção da identidade},
	journal = {Agenda jovem: o jovem na agenda. Ijuí: Ed. Ijuí},
	author = {Gonçalves, Maria Augusta Salin},
	year = {2008},
	pages = {173--205}
}

@article{vianna_evolucao_2008,
	title = {Evolução histórica do conceito de educação e os objetivos constitucionais da educação brasileira},
	volume = {3},
	number = {4},
	journal = {Janus},
	author = {Vianna, Carlos Eduardo Souza},
	year = {2008}
}

@article{silva_criancas_2003,
	title = {Crianças com síndrome de {Down} e suas interações familiares},
	volume = {16},
	issn = {0102-7972},
	url = {http://www.scielo.br/scielo.php?script=sci_arttext&pid=S0102-79722003000300009&lng=pt&nrm=iso&tlng=pt},
	doi = {10.1590/S0102-79722003000300009},
	language = {en},
	number = {3},
	urldate = {2017-11-29},
	journal = {Psicologia: Reflexão e Crítica},
	author = {Silva, Nara Liana Pereira and Dessen, Maria Auxiliadora},
	year = {2003},
	pages = {503--514}
}

@article{paulino_educacao_2014,
	title = {{EDUCAÇÃO}, {FAMÍLIA}, {ESCOLA} {E} {TECNOLOGIA}: desafio e papel do docente na formação do educando},
	volume = {0},
	copyright = {Direitos autorais},
	shorttitle = {{EDUCAÇÃO}, {FAMÍLIA}, {ESCOLA} {E} {TECNOLOGIA}},
	url = {http://www.sec.pb.gov.br/revista/index.php/compartilhandosaberes/article/view/18},
	language = {pt},
	number = {1},
	urldate = {2017-11-29},
	journal = {Revista Compartilhando Saberes},
	author = {Paulino, Lucas da Silva},
	month = aug,
	year = {2014},
	pages = {176--185}
}

@book{minuchin_trabalhando_1999,
	address = {Porto Alegre},
	title = {Trabalhando com famílias pobres.},
	isbn = {978-85-7307-579-3},
	language = {Portuguese},
	publisher = {Artmed},
	author = {Minuchin, Patricia and Colapinto, Jorge and Minuchin, Salvador and Lopes, Magda França},
	year = {1999},
	note = {OCLC: 60854695}
}

@article{kreppner_child_2000,
	title = {The child and the family: interdependence in developmental pathways},
	volume = {16},
	issn = {0102-3772},
	shorttitle = {The child and the family},
	url = {http://www.scielo.br/scielo.php?script=sci_arttext&pid=S0102-37722000000100003&lng=en&tlng=en},
	doi = {10.1590/S0102-37722000000100003},
	number = {1},
	urldate = {2017-11-29},
	journal = {Psicologia: Teoria e Pesquisa},
	author = {Kreppner, Kurt},
	month = apr,
	year = {2000},
	pages = {11--22}
}

@article{silva_variaveis_2008,
	title = {Variáveis da família e seu impacto sobre o desenvolvimento infantil},
	volume = {16},
	issn = {1413-389X,  2175-3652},
	url = {http://www.redalyc.org/articulo.oa?id=513751432006},
	abstract = {Modelos como o bioecológico e a abordagem sistêmica orientam a investigação da família e explicam como algumas variáveis influenciam na dinâmica deste sistem...},
	language = {pt},
	number = {2},
	urldate = {2017-11-29},
	journal = {Temas em Psicologia},
	author = {Silva, Nancy Capretz Batista da and Nunes, Célia Cristina and Betti, Michelle Cristine Mazzeto and Rios, Karyne de Souza Augusto},
	year = {2008},
	keywords = {Ambiente familiar.{\textgreater}{\textgreater}{\textgreater}Family psychology, Child development, Desenvolvimento infantil, Fatores de risco e de proteção, Psicologia da família, Risk and protecti...},
	pages = {215--229}
}

@misc{noauthor_revista_nodate,
	title = {Revista {Adolescência} e {Saúde}- {Traumas} e suas repercussões na infância e na adolescência},
	url = {http://www.adolescenciaesaude.com/detalhe_artigo.asp?id=143},
	urldate = {2017-11-29}
}

@article{dessen_familia_2007,
	title = {A família e a escola como contextos de desenvolvimento humano},
	volume = {17},
	issn = {0103-863X},
	url = {http://www.scielo.br/scielo.php?script=sci_arttext&pid=S0103-863X2007000100003&lng=pt&tlng=pt},
	doi = {10.1590/S0103-863X2007000100003},
	number = {36},
	urldate = {2017-11-29},
	journal = {Paidéia (Ribeirão Preto)},
	author = {Dessen, Maria Auxiliadora and Polonia, Ana da Costa},
	month = apr,
	year = {2007},
	pages = {21--32}
}

@article{coatsworth_familias_2002,
	title = {Familias {Unidas}: a family-centered ecodevelopmental intervention to reduce risk for problem behavior among {Hispanic} adolescents},
	volume = {5},
	issn = {1096-4037},
	shorttitle = {Familias {Unidas}},
	abstract = {This paper describes the theoretical and empirical foundations of Familias Unidas, a multilevel, family-centered intervention designed to prevent problem behavior in Hispanic adolescents. The main theoretical tenets for the intervention model; an ecological-developmental perspective, the centrality of ethnic and cultural themes, application of empowerment principles, and a family focus are reviewed. The literature on the risk and protective factors that provided the justification for the intervention's targeted mediators and the core clinical applications that are intended to alter them are discussed. Familias Unidas engages Hispanic immigrant parents into an empowerment process in which they first build a strong parent-support network and then use the network to increase knowledge of culturally relevant parenting, strengthen parenting skills, and then apply these new skills in a series of activities designed to reduce risks frequently found in poor, urban environments. The available evidence supporting the efficacy of Familias Unidas is summarized, as are future goals and a current, second-generation application of the intervention.},
	language = {eng},
	number = {2},
	journal = {Clinical Child and Family Psychology Review},
	author = {Coatsworth, J. Douglas and Pantin, Hilda and Szapocznik, Jose},
	month = jun,
	year = {2002},
	pmid = {12093012},
	keywords = {Humans, Adolescent, Adolescent Health Services, Child, Community Mental Health Services, Family Therapy, Florida, Hispanic Americans, Models, Psychological, Poverty Areas, Social Behavior Disorders, Social Support},
	pages = {113--132}
}

@book{canotilho_comentarios_2013,
	address = {São Paulo},
	edition = {1. ed},
	title = {Comentários à {Constituição} do {Brasil}},
	isbn = {978-85-02-21262-6},
	language = {por},
	publisher = {Saraiva [u.a.]},
	editor = {Canotilho, J. J. Gomes and Leoncy, Léo Ferreira},
	year = {2013},
	note = {OCLC: 871651720},
	annote = {Literaturangaben}
}

@misc{alexandre_pires_vieira_o_2014,
	title = {O direito à privacidade frente aos avanços tecnológicos na sociedade da informação},
	url = {https://jus.com.br/artigos/27972/o-direito-a-privacidade-frente-aos-avancos-tecnologicos-na-sociedade-da-informacao},
	abstract = {O direito a privacidade é um princípio constitucional e está intrinsecamente ligado com o direito da personalidade da pessoa humana, e a violação deste princípio implica na interferência direta das relações pessoais e de intimidade, desvirtuando a própria maneira de pensar e agir, causando inibição à criatividade e obstrução a comunicação com a sociedade. Devido ao avanço tecnológico, as pessoas tendem a se habituar com as facilidades das compras online e das redes sociais, fornecendo assim informações pessoais através de redes que interligam os banco de dados, relativizando o direito a privacidade e outros inerentes a ele.},
	language = {Portuguese},
	journal = {jus.com.br},
	author = {Alexandre Pires Vieira, Cláudio Ralves},
	month = apr,
	year = {2014}
}

@misc{nery_nem_2009,
	title = {Nem tudo parece o que é: {Entenda} o que é plágio},
	url = {http://www.noticias.uff.br/arquivos/cartilha-sobre-plagio-academico.pdf},
	language = {Portuguese},
	urldate = {2017-11-30},
	publisher = {Instituto de Arte e Comunicação Social da UFF},
	author = {Nery, Guilherme and Bragaglia, Ana Paula and Clemente, Flávia and Barbosa, Suzana},
	year = {2009}
}

@misc{bryan_riot_nodate,
	title = {{RIOT} {GAMES}: {CODE} {OF} {ETHICS} {ANALYSIS}},
	url = {https://grossbryan2313.wordpress.com/2015/01/20/riot-games-code-of-ethics-analysis/},
	journal = {Grossbryan},
	author = {Bryan, Gross}
}

@misc{riot_we_nodate,
	title = {We are {Rioters}},
	url = {https://www.riotgames.com/who-we-are},
	journal = {We are Rioters},
	author = {Riot, Games}
}

@misc{fernandes_infosoc20172_2017,
	title = {{InfoSoc}20172},
	url = {https://www.zotero.org/groups/1851488/infosoc20172},
	urldate = {2017-11-30},
	journal = {Zotero},
	author = {Fernandes, Jorge H C},
	month = nov,
	year = {2017}
}

@techreport{fernandes_metamodelo_2017,
	address = {Brasília - DF},
	title = {Metamodelo de artigo a ser desenvolvido patra conclusão da disciplina {Informática} e {Sociedade} 2017.2 {Turmas} {A} e {B} da {Universidade} de {Brasília}},
	abstract = {Apresenta orientações gerais para a elaboração de relatório final da disciplina Informática e Sociedade, Turmas A e B, do CIC/IE/UnB, no semestre 2017.2.},
	language = {pt},
	institution = {Disciplina de Informática e Sociedade 2017.2 Turmas A e B - Departamento de Ciência da Computação do Instituto de Ciências Exatas da Universidade de Brasília},
	author = {Fernandes, Jorge H C},
	month = nov,
	year = {2017},
	pages = {14}
}

@misc{riley_mit_2010,
	title = {{MIT} - {Beamer} {Presentation} {Template}},
	url = {https://github.com/jtriley/mit-beamer},
	urldate = {2017-11-30},
	journal = {Github},
	author = {Riley, Justin},
	month = jun,
	year = {2010}
}